Date,Time,Category,Qty,Price Point Name,SKU,Gross Sales,Discounts,Customer ID,Cost,Margin,Gender,Age,State
8/9/18,13:10:19,Furniture,1,Regular,1109,$298.99 ,$0.00 ,S0Q2DVVJW55BCZEN1Q8MA4APVC,80.95,73%,Male,18-25,NC
6/15/18,13:02:06,Furniture,1,Regular,1184,$270.00 ,$0.00 ,M90BSKQPTD7MRJHDHD7DD8T6CG,80.95,70%,Female,26-35,NC
4/7/18,13:41:01,Furniture,1,,260,$240.00 ,$0.00 ,AAAPTRXCWD2FYVE6Y2K7WJRKDR,80.95,66%,Female,36-45,NC
10/13/17,18:23:13,Furniture,1,,401,$225.00 ,$0.00 ,CY4R1654M966EJCJN5X1B6K10G,80.95,64%,Female,46-55,NC
3/2/18,11:48:33,Furniture,1,Regular,953,$205.00 ,$0.00 ,N55H0JCHJN428N7Z8T98XP32KR,80.95,61%,Female,56-64,NC
8/11/18,14:35:56,Furniture,1,Regular,1503,$170.99 ,($25.65),Y38TDM5A1H0W4VX0N3X5AW9VJG,80.95,53%,Male,64+,NC
8/22/18,18:15:21,Furniture,1,Regular,951,$170.00 ,$0.00 ,E78N7D4NQ96Y6HVQ18M0R406D4,80.95,52%,Male,18-25,NC
11/25/17,13:45:08,Furniture,1,,424,$160.00 ,($32.00),QG9TTGPK59458YTHYD5A121G6C,80.95,49%,Female,26-35,NC
11/18/17,17:34:58,Vintage Clothing,1,,114,$160.00 ,$0.00 ,GQFWFVAEM95D0N1BB6Z8FVXNH8,80.95,49%,Female,18-25,NC
4/12/18,15:31:28,Furniture,1,,196,$159.99 ,$0.00 ,6REFVR7EDX5GTVSMP6CBMSSDP8,71.25,55%,Female,26-35,SC
7/13/18,17:08:13,Furniture,1,Regular,1400,$140.00 ,$0.00 ,VABF294Y0H0CV6CR6DEC499KDC,71.25,49%,Female,36-45,SC
10/12/17,18:50:14,Antiques,1,,256,$140.00 ,$0.00 ,KXM5N2W6RS0P6Y8N8V8QMP0FYG,71.25,49%,Male,18-25,SC
9/20/18,13:43:57,Antiques,1,Regular,1651,$135.00 ,$0.00 ,6E38BNBX8S3RH2R8TNZEQCRDT4,71.25,47%,Male,26-35,TN
5/26/18,14:02:53,Antiques,1,Regular,1071,$135.00 ,$0.00 ,JM9K6PY1TD0TMQ9BK16RZ19HZ0,71.25,47%,Female,36-45,VA
1/23/18,14:41:37,Furniture,1,Regular,771,$135.00 ,$0.00 ,YMTX6FZ6N15TCYG3N6479WJJV8,71.25,47%,Female,46-55,VA
9/29/18,14:35:10,Furniture,1,,1494,$132.00 ,$0.00 ,DBVSKP9QJ54ZCTG2E5SN49C99M,71.25,46%,Female,18-25,VA
8/2/18,12:36:34,Antiques,1,Regular,1475,$120.00 ,$0.00 ,0B4T8D28X537KDYXW4402XVQ5G,71.25,41%,Female,26-35,GA
6/29/18,16:25:25,Furniture,1,,280,$112.99 ,$0.00 ,WGKMWF4C716TTWPT2N6P7HWPYG,71.25,37%,Male,36-45,GA
7/20/18,17:35:50,Furniture,1,Regular,1396,$112.50 ,($16.88),A2W0MMP30N1BJW71APV4M6KB2R,71.25,37%,Male,46-55,GA
7/13/18,15:17:24,Furniture,1,Regular,1396,$112.50 ,$0.00 ,1M6XB51RX53SPM6RC63XEG1CGG,71.25,37%,Male,56-64,GA
7/17/18,14:28:28,Furniture,1,Regular,1349,$110.00 ,($16.50),9D6DARVHJX61GVMM0AF13XBGJW,71.25,35%,Female,18-25,FL
6/9/18,14:09:20,Antiques,1,Regular,1161,$110.00 ,($11.00),9D6DARVHJX61GVMM0AF13XBGJW,71.25,35%,Female,18-25,FL
9/22/18,12:11:44,Handmade - Textiles,4,,492,$103.96 ,($20.79),FZ3D14G0GD1RJXFYAWFZD1GMC4,71.25,31%,Female,26-35,FL
8/3/18,15:11:34,Antiques,1,Regular,1474,$96.00 ,($14.40),63B6R92GZS5EMQ8SKJM1GDV84G,71.25,26%,Female,36-45,NC
11/24/17,15:35:04,Vintage Clothing,1,,36,$96.00 ,($19.20),YNMZ7Q9SCH5R4NV2SY8TNKDTA8,71.25,26%,Female,46-55,NC
4/21/18,14:53:40,Furniture,1,,425,$95.99 ,$0.00 ,JJY0KHGKJS0KRKGA1B72KVKJG0,71.25,26%,Male,56-64,NC
7/28/18,12:47:21,Antiques,1,Regular,1353,$95.00 ,$0.00 ,9D6DARVHJX61GVMM0AF13XBGJW,102.34,-8%,Female,18-25,FL
3/24/18,15:27:49,Furniture,1,Regular,638,$95.00 ,($19.00),7B94RT0BS5446R609EF4VK5WMM,102.34,-8%,Male,64+,NC
12/7/17,12:15:05,Handmade - Textiles,1,,498,$95.00 ,$0.00 ,P84AX8D18X5CGG2630AQXN0HK0,102.34,-8%,Female,18-25,NC
8/29/18,12:31:38,None,1,,1089,$94.00 ,($18.80),CH1FAZ6YQ95XRK4P96CG2437PM,102.34,-9%,Female,26-35,NC
8/21/18,13:00:13,Antiques,1,Regular,1402,$94.00 ,($18.80),8TS04YWCD1180M0NGAVWVADGX8,102.34,-9%,Female,18-25,SC
6/1/18,15:08:18,Furniture,1,Regular,128,$93.99 ,$0.00 ,C7HKRAF5GD7GX97E34HFEPJ9QR,12.43,87%,Female,26-35,SC
9/21/18,19:13:46,Furniture,1,Regular,1470,$85.00 ,$0.00 ,8TC6H6D9MD07TQ5FSYT8RY2YDC,12.43,85%,Male,36-45,SC
1/30/18,11:17:04,Vintage Clothing,1,,29,$78.00 ,($11.70),1VTCZFJMTS2HYXT65G6PJBMJNW,12.43,84%,Male,18-25,TN
5/15/18,14:05:43,Antiques,1,Regular,1037,$77.00 ,$0.00 ,WTDMAZ8TAS6KWHVNN3572BGYHG,12.43,84%,Female,26-35,VA
9/29/18,17:56:13,Furniture,1,Regular,1583,$75.00 ,$0.00 ,9D6DARVHJX61GVMM0AF13XBGJW,12.43,83%,Female,18-25,FL
12/1/17,20:45:39,Vintage Clothing,1,,561,$74.00 ,($7.40),ANGDGM93413X8NDZS1WMTAM7QC,32.45,56%,Female,36-45,VA
11/22/17,13:25:39,Handmade - Candles,4,,169,$72.00 ,($14.40),8Q2A5N980S2CV0VBNDXZ58HN6M,32.45,55%,Female,46-55,GA
9/29/18,16:50:06,Furniture,1,Regular,1715,$71.00 ,$0.00 ,DNB0XVYDNS73YZ5FBQ3MDGCHMC,32.45,54%,Female,18-25,GA
9/28/18,14:39:48,Furniture,1,Regular,1713,$70.00 ,$0.00 ,FV8CSGV17D4638XE4S8Q44F59G,32.45,54%,Male,26-35,FL
4/3/18,13:04:17,Handmade - Home,1,,447,$70.00 ,($14.00),ZGV3RWANQS42ANYC53XGM9DPNR,32.45,54%,Male,36-45,FL
12/9/17,15:12:10,Handmade - Jewelry,1,,167,$69.99 ,$0.00 ,J0K5KJEZP90H2TF50JR6BQM4A8,32.45,54%,Male,46-55,NC
11/4/17,17:23:42,Handmade - Jewelry,1,,167,$69.99 ,$0.00 ,C7KBMW3HDH0JJN5XGB4S3T0C9R,32.45,54%,Female,56-64,NC
5/4/18,18:32:45,Handmade - Jewelry,1,Regular,877,$68.00 ,($6.80),YPEPJPB5NX1F5C4YBQ3KT03G24,32.45,52%,Female,18-25,NC
3/16/18,15:39:23,Handmade - Jewelry,1,Regular,877,$68.00 ,($10.20),XPX4RJS9N17YWWWHHAH0C4X4PC,32.45,52%,Female,26-35,NC
3/2/18,17:05:16,Furniture,1,,11,$68.00 ,($6.80),1SHNDWTVJH4AYXYPPD497G7BZ4,32.45,52%,Female,36-45,NC
9/15/18,14:31:58,Handmade - Home,1,,446,$66.99 ,($13.40),9D6DARVHJX61GVMM0AF13XBGJW,32.45,52%,Female,18-25,FL
6/21/18,13:35:10,Handmade - Home,1,,446,$66.99 ,$0.00 ,ZGV3RWANQS42ANYC53XGM9DPNR,32.45,52%,Male,36-45,FL
5/8/18,13:09:53,Handmade - Textiles,3,Regular,1044,$66.00 ,($9.90),GGRBWQVEF1176MWGBHCRNAJ6C0,43.65,34%,Male,56-64,NC
2/24/18,15:53:54,Antiques,1,,934,$65.00 ,$0.00 ,SPKCNG3ZSN3H4GKAME7SYHQYZ4,43.65,33%,Female,64+,NC
1/2/18,14:54:17,Handmade - Pottery,1,Regular,767,$65.00 ,($9.75),9D6DARVHJX61GVMM0AF13XBGJW,43.65,33%,Female,18-25,FL
12/20/17,13:52:25,Handmade - Pottery,1,Regular,149,$65.00 ,($9.75),C3V7264CQ94DMTY7XTYPX9BAZ0,43.65,33%,Female,18-25,NC
10/12/18,18:56:34,Antiques,1,Regular,1302,$64.00 ,$0.00 ,0DTZWFET9S1CCQJTXK2DWCHK78,43.65,32%,Female,26-35,NC
10/12/18,12:37:09,None,1,,1090,$64.00 ,$0.00 ,YEXGAEBH496DYHB5W8YKX05K0M,43.65,32%,Female,18-25,NC
11/25/17,16:02:48,Vintage Clothing,1,,226,$64.00 ,($12.80),SDYF84QZZN044KAR7BDDRXY8QG,43.65,32%,Male,26-35,NC
10/13/17,12:23:48,Handmade - Candles,2,,367,$64.00 ,$0.00 ,JFH7BG20RS6BTMV9HCK20ZWD1M,43.65,32%,Male,36-45,SC
10/12/17,18:37:03,Handmade - Pottery,2,,195,$64.00 ,$0.00 ,1JQ6FFGTV13X0J9Y75C1QJBQ8G,43.65,32%,Female,18-25,SC
9/18/18,14:11:57,None,1,,1108,$61.00 ,($12.20),JM9K6PY1TD0TMQ9BK16RZ19HZ0,43.65,28%,Female,36-45,VA
6/9/18,14:54:27,Antiques,1,,313,$60.99 ,($6.10),399VK7734S2AMKBD94Z2QHQEWM,43.65,28%,Female,36-45,TN
5/25/18,12:55:36,Handmade - Pottery,2,"x-small, white",1111,$60.00 ,$0.00 ,7ABN6941C54J8GNND0EMF5CNT8,43.65,27%,Female,46-55,VA
12/16/17,16:03:56,Handmade - Artwork,3,Regular,764,$60.00 ,($9.00),M1Z9V825FX7H6YV3V0RN437KWC,43.65,27%,Male,18-25,VA
11/10/17,15:10:46,Vintage Clothing,1,,514,$59.00 ,$0.00 ,29JBC7HM190V6P1B8R9R7G6G04,43.65,26%,Male,26-35,VA
2/10/18,16:09:04,Antiques,1,Regular,605,$58.00 ,$0.00 ,CY4R1654M966EJCJN5X1B6K10G,43.65,25%,Female,46-55,NC
10/12/17,19:30:03,Handmade - Jewelry,1,,391,$58.00 ,$0.00 ,VPVPYB79D5482P3Y7QC1PVEKYW,21.45,63%,Female,46-55,GA
6/8/18,15:18:09,Handmade - Textiles,1,,498,$57.99 ,$0.00 ,P84AX8D18X5CGG2630AQXN0HK0,21.45,63%,Female,18-25,NC
6/9/18,17:32:38,Vintage Clothing,1,Regular,956,$57.00 ,($8.55),WJ06Y207TH1EAMF9J6JVFXMFQ4,21.45,62%,Female,18-25,GA
5/31/18,16:29:44,Handmade - Candles,3,Regular,766,$57.00 ,$0.00 ,A8P7DRKTJD52TRF5KSMK98HFP4,21.45,62%,Female,26-35,FL
11/18/17,16:36:33,Vintage Clothing,1,,563,$57.00 ,($8.55),8MB18JEH8X24PJTNBFV9TWFM0M,21.45,62%,Male,36-45,FL
8/4/18,17:57:00,Handmade - Textiles,2,Regular,1038,$56.00 ,$0.00 ,XQYMX2QV2D0YQFN31WV114V06C,21.45,62%,Male,46-55,NC
2/14/18,13:41:40,Antiques,1,Regular,863,$56.00 ,$0.00 ,5YABFJS0XX4WRGNSBA2MR4X210,21.45,62%,Female,56-64,NC
2/2/18,19:24:22,Vintage Clothing,1,,565,$56.00 ,($11.20),VABF294Y0H0CV6CR6DEC499KDC,21.45,62%,Female,36-45,SC
12/26/17,14:20:48,Holiday,2,Regular,610,$56.00 ,($14.00),JBF7A60QDD59RHYW078FDE036W,21.45,62%,Female,18-25,NC
11/24/17,18:55:17,Vintage Clothing,1,,255,$56.00 ,($11.20),X4BFAJ0Y1H57AH9KXYRZZZHB2C,21.45,62%,Female,26-35,NC
11/11/17,12:38:14,Vintage Clothing,1,,123,$56.00 ,$0.00 ,QFFX587V8929GTSJQS0Z97XRZ8,21.45,62%,Male,18-25,NC
10/13/17,18:47:37,Handmade - Home,4,Regular,95,$56.00 ,$0.00 ,KS9B7FG9Z53HCGAFBFMPA0TFPM,21.45,62%,Male,26-35,SC
10/13/17,12:23:48,Handmade - Pottery,2,,390,$56.00 ,$0.00 ,JFH7BG20RS6BTMV9HCK20ZWD1M,21.45,62%,Male,36-45,SC
4/7/18,13:10:44,Handmade - Home,1,,447,$55.99 ,$0.00 ,6QNSQ6BW957APTBFD8FYXZYS68,21.45,62%,Female,18-25,SC
1/10/18,12:01:14,Handmade - Artwork,1,,504,$55.00 ,$0.00 ,6QNSQ6BW957APTBFD8FYXZYS68,21.45,61%,Female,18-25,SC
12/28/17,14:03:40,None,1,,632,$55.00 ,$0.00 ,6QNSQ6BW957APTBFD8FYXZYS68,21.45,61%,Female,18-25,SC
11/17/17,14:47:31,Handmade - Jewelry,1,Regular,612,$55.00 ,$0.00 ,N3F8VKAJFH3QWPYK5BN9VQYEGM,21.45,61%,Female,26-35,TN
10/12/17,18:37:03,Handmade - Artwork,1,,40,$55.00 ,$0.00 ,1JQ6FFGTV13X0J9Y75C1QJBQ8G,21.45,61%,Female,18-25,SC
5/10/18,19:34:29,Handmade - Jewelry,1,,163,$54.99 ,($5.50),JA9A2ZA5FX0XJWZBKNYAWMWCSM,21.45,61%,Male,46-55,VA
7/4/18,16:02:30,Handmade - Artwork,3,,57,$54.00 ,$0.00 ,RBYSDGSCYH37ARB2XG4B5V51RC,21.45,60%,Male,18-25,GA
12/26/17,13:23:18,Vintage Clothing,1,,574,$54.00 ,$0.00 ,HHEHSTTGWX6R2QZXY8MNFW87M0,21.45,60%,Male,26-35,GA
9/22/18,18:31:23,Furniture,1,Regular,1352,$53.00 ,($16.96),Y38TDM5A1H0W4VX0N3X5AW9VJG,21.45,60%,Male,64+,NC
9/21/18,19:11:43,Vintage Clothing,1,,1570,$52.00 ,($7.80),8TC6H6D9MD07TQ5FSYT8RY2YDC,21.45,59%,Male,36-45,SC
8/21/18,13:05:33,Furniture,1,Regular,1479,$52.00 ,($10.40),8TS04YWCD1180M0NGAVWVADGX8,21.45,59%,Female,18-25,SC
6/23/18,13:43:12,Antiques,1,Regular,896,$52.00 ,$0.00 ,FB44D0FBX51ZEYXJAHB8ZPEBPC,21.45,59%,Female,18-25,NC
2/3/18,18:09:48,Handmade - Jewelry,1,Regular,891,$52.00 ,$0.00 ,RBYSDGSCYH37ARB2XG4B5V51RC,21.45,59%,Male,18-25,GA
12/28/17,16:47:04,Vintage Clothing,1,,461,$52.00 ,$0.00 ,2W0YMM8PS947AHMJWFHF38ZZMC,21.45,59%,Male,26-35,NC
4/11/18,14:11:35,Handmade - Pottery,1,Regular,155,$51.99 ,($7.80),2W0YMM8PS947AHMJWFHF38ZZMC,21.45,59%,Male,26-35,NC
9/1/18,14:56:04,Handmade - Textiles,2,,492,$51.98 ,($10.40),9XGK3AW8S56DCXNZC063GWNQ9R,21.45,59%,Male,36-45,NC
12/22/17,12:40:55,Holiday,1,,642,$51.00 ,($7.65),GZ3WBGEY5X3KSA178HNG6J7MC0,12.54,75%,Female,46-55,NC
4/6/18,20:05:08,Furniture,1,Regular,688,$50.99 ,($5.10),7HT5TTF8XH3EYM8Q44Y2KHQVS4,12.54,75%,Female,56-64,NC
4/3/18,13:04:17,Handmade - Artwork,1,,849,$50.00 ,$0.00 ,ZGV3RWANQS42ANYC53XGM9DPNR,12.54,75%,Male,36-45,FL
12/23/17,13:32:29,Vintage Clothing,1,,112,$50.00 ,($7.50),QFFX587V8929GTSJQS0Z97XRZ8,12.54,75%,Male,18-25,NC
12/22/17,18:18:48,None,1,,636,$50.00 ,($7.50),BW83DBYDND4J2PNKFA7ZXSZ58M,12.54,75%,Male,26-35,NC
3/24/18,16:14:40,Handmade - Jewelry,1,,142,$49.99 ,($7.50),AXSJ6J9G7121GYB144ZR6FGN3R,12.54,75%,Male,18-25,NC
12/9/17,15:12:10,Handmade - Jewelry,1,,142,$49.99 ,$0.00 ,J0K5KJEZP90H2TF50JR6BQM4A8,12.54,75%,Male,46-55,NC
7/19/18,16:19:02,Vintage Clothing,1,Regular,519,$49.00 ,($7.35),YJPHHMYQCH58JJ7V76S87TAY5M,12.54,74%,Female,36-45,NC
5/10/18,19:52:26,None,1,,1134,$49.00 ,($4.90),4HYMXBC6X502EZP0CT50NCM5TG,12.54,74%,Female,18-25,SC
9/20/18,13:43:57,Antiques,1,,1544,$48.00 ,$0.00 ,6E38BNBX8S3RH2R8TNZEQCRDT4,12.54,74%,Male,26-35,TN
9/12/18,14:52:26,Antiques,1,Regular,1472,$48.00 ,($9.60),554DXKX0QH6STGY80TYMNRF280,12.54,74%,Male,36-45,SC
8/4/18,12:43:10,Handmade - Jewelry,1,Regular,1420,$48.00 ,$0.00 ,X1BYHPZ9HD0S2NMG0Z6S17EKK4,12.54,74%,Male,46-55,TN
5/2/18,16:53:04,Handmade - Jewelry,1,Regular,892,$48.00 ,$0.00 ,856AWM523H05JSKH732BJ9FBDR,12.54,74%,Male,18-25,VA
2/17/18,16:53:08,Handmade - Jewelry,1,Regular,878,$48.00 ,($7.20),", QHE4DA31P96MYQTW46FMK4HD2R",12.54,74%,Female,26-35,VA
2/14/18,16:34:11,Handmade - Jewelry,1,Regular,878,$48.00 ,($7.20),WR8EP0XRPH2SRNSNPYHFD4TRV4,12.54,74%,Female,36-45,VA
2/3/18,18:09:48,Handmade - Jewelry,1,Regular,878,$48.00 ,$0.00 ,9XGK3AW8S56DCXNZC063GWNQ9R,12.54,74%,Male,36-45,NC
12/21/17,14:44:27,Antiques,1,Regular,606,$48.00 ,($7.20),1N5Z2GNMX90R6PAXA9250PB8CC,12.54,74%,Female,46-55,GA
12/16/17,14:35:45,Antiques,1,Regular,606,$48.00 ,$0.00 ,3KJ6H3YNZX7BJZ1DWFW634HBRR,12.54,74%,Female,56-64,GA
10/31/17,14:51:54,Antiques,1,,200,$48.00 ,$0.00 ,15963CGQGN5DXFF0N6NA80X25M,12.54,74%,Male,18-25,GA
5/10/18,12:34:03,Handmade - Home,1,,443,$47.99 ,$0.00 ,9XGK3AW8S56DCXNZC063GWNQ9R,12.54,74%,Male,36-45,NC
9/8/18,13:09:11,Vintage Clothing,1,,343,$47.00 ,($9.40),X7VVNSZY792C0SEC1YVCDGZKX0,12.54,73%,Male,26-35,GA
9/29/18,16:50:06,Antiques,1,Regular,789,$46.00 ,$0.00 ,DNB0XVYDNS73YZ5FBQ3MDGCHMC,12.54,73%,Female,18-25,GA
8/22/18,20:57:16,Handmade - Jewelry,1,Regular,1418,$46.00 ,($4.60),GGBPXTE87N420GMX87PM05ZQGG,12.54,73%,Female,46-55,FL
7/24/18,15:04:33,Handmade - Jewelry,1,Regular,1418,$46.00 ,$0.00 ,8540H480P1308HZAGC050M12M8,12.54,73%,Female,56-64,NC
2/8/18,13:42:51,Handmade - Jewelry,1,Regular,884,$46.00 ,$0.00 ,N55H0JCHJN428N7Z8T98XP32KR,12.54,73%,Female,56-64,NC
11/25/17,12:23:35,Antiques,1,,74,$46.00 ,($9.20),Y38TDM5A1H0W4VX0N3X5AW9VJG,12.54,73%,Male,64+,NC
9/28/18,14:47:53,Antiques,3,,111,$45.00 ,$0.00 ,1M6XB51RX53SPM6RC63XEG1CGG,12.54,72%,Male,56-64,GA
9/28/18,7:47:46,Furniture,1,Regular,1712,$45.00 ,$0.00 ,JJY0KHGKJS0KRKGA1B72KVKJG0,12.54,72%,Male,56-64,NC
8/28/18,9:34:26,Furniture,1,Regular,1602,$45.00 ,$0.00 ,7B94RT0BS5446R609EF4VK5WMM,12.54,72%,Male,64+,NC
8/22/18,20:47:11,Handmade - Pottery,1,"large, speckled white w/ drain",1291,$45.00 ,($4.50),C7KBMW3HDH0JJN5XGB4S3T0C9R,12.54,72%,Female,56-64,NC
6/30/18,14:45:46,Furniture,1,,1282,$45.00 ,$0.00 ,GGRBWQVEF1176MWGBHCRNAJ6C0,12.54,72%,Male,56-64,NC
5/5/18,16:50:39,Handmade - Artwork,1,Regular,1125,$45.00 ,($9.00),SPKCNG3ZSN3H4GKAME7SYHQYZ4,12.54,72%,Female,64+,NC
3/21/18,14:16:44,Antiques,1,Regular,834,$45.00 ,$0.00 ,5YABFJS0XX4WRGNSBA2MR4X210,12.54,72%,Female,56-64,NC
3/13/18,14:16:17,Antiques,1,Regular,903,$45.00 ,$0.00 ,7HT5TTF8XH3EYM8Q44Y2KHQVS4,12.54,72%,Female,56-64,NC
3/10/18,14:04:44,Handmade - Artwork,1,,850,$45.00 ,$0.00 ,3KJ6H3YNZX7BJZ1DWFW634HBRR,12.54,72%,Female,56-64,GA
2/22/18,16:45:55,Handmade - Artwork,1,,850,$45.00 ,$0.00 ,8540H480P1308HZAGC050M12M8,12.54,72%,Female,56-64,NC
2/14/18,17:26:17,Vintage Clothing,1,,673,$45.00 ,$0.00 ,9Q48REY9X1770TYPFSJQVQQ29M,23.45,48%,Female,64+,NC
12/20/17,14:11:44,Vintage Accessories,1,,703,$45.00 ,($6.75),FSRSKMFC993WCQCNXZVM2YHS84,23.45,48%,Male,56-64,FL
12/9/17,14:44:24,Handmade - Artwork,3,,57,$45.00 ,$0.00 ,PHRT6JMQ197YES5YQP5RJQ0JBR,23.45,48%,Female,56-64,NC
11/25/17,12:38:48,Handmade - Pottery,1,Regular,609,$45.00 ,($9.00),A4F04F01G916TS9RN3CFC7F4A4,23.45,48%,Male,56-64,GA
7/20/18,18:10:45,Handmade - Jewelry,1,Regular,877,$44.99 ,$0.00 ,2CMRW4J0ZX376M2VAV8HTTEE18,23.45,48%,Male,56-64,FL
6/9/18,16:52:33,Handmade - Jewelry,1,Regular,877,$44.99 ,($9.00),XDJJAN2FFH2KJK0A6GBHW7NGB0,23.45,48%,Male,64+,NC
9/22/18,13:40:25,Handmade - Jewelry,3,,396,$44.97 ,($8.99),0RPEC48T9D676T2KSVF5MBPRXW,23.45,48%,Female,56-64,FL
10/12/18,20:26:20,Handmade - Textiles,1,Regular,1629,$44.00 ,$0.00 ,2ZCDXDZS0S7JYSZJV126BK1R18,23.45,47%,Male,56-64,NC
2/27/18,12:58:48,Antiques,1,,502,$44.00 ,$0.00 ,2BEDGZJC7N4N4ZK3B9WEA91PF8,23.45,47%,Female,64+,NC
9/8/18,13:09:11,Antiques,1,,602,$43.99 ,($8.80),7Q89DYAE6H29JPT8VKB0KFRJTW,23.45,47%,Female,56-64,FL
9/8/18,15:36:27,Antiques,1,Regular,1595,$43.00 ,($8.60),FP7FS6P0MD2PCNSYPCTXK4N6Y4,23.45,45%,Female,56-64,GA
2/21/18,20:15:07,Handmade - Jewelry,1,,407,$43.00 ,($4.30),", ZGV3RWANQS42ANYC53XGM9DPNR",23.45,45%,Female,56-64,NC
11/24/17,11:50:06,Handmade - Jewelry,1,,407,$43.00 ,($8.60),BZQGE0BM6H5PPKG7CTASZBNVAR,23.45,45%,Female,64+,NC
8/14/18,13:42:51,Furniture,1,,1484,$42.00 ,$0.00 ,A2C5TMA2Q96EAK9XG039JPDJD4,23.45,44%,Female,56-64,VA
7/24/18,15:08:47,Handmade - Jewelry,1,,92,$42.00 ,$0.00 ,BBNHPHN4N5176G967GW111QDYG,23.45,44%,Female,64+,FL
6/28/18,16:37:58,Handmade - Pottery,1,"medium, speckled white w/out drain",1118,$42.00 ,$0.00 ,C8NVR159RD28EJ7DFQG44Z91MG,23.45,44%,Female,56-64,NC
5/26/18,14:47:16,Antiques,1,Regular,1018,$42.00 ,$0.00 ,8A4HSC2CFN1KYMAHNKMQD7D57M,23.45,44%,Male,64+,NC
5/8/18,13:09:53,Antiques,1,Regular,787,$42.00 ,($6.30),FM9801NFNN230SDGQDY9170ENM,23.45,44%,Male,56-64,VA
3/7/18,14:52:10,Handmade - Jewelry,1,,92,$42.00 ,$0.00 ,F1ECVVJWMX5ZPPF0FT9RMTV22W,23.45,44%,Male,56-64,GA
3/3/18,12:57:49,Vintage Clothing,1,,133,$42.00 ,$0.00 ,GE3Y2GS9W90SPS9QN3CG0E7QDR,23.45,44%,Male,64+,GA
12/27/17,14:37:47,Handmade - Jewelry,1,,92,$42.00 ,$0.00 ,0JBR31QSW92JGW5HSHH4EEPCF4,23.45,44%,Male,56-64,NC
11/10/17,18:35:55,Vintage Clothing,1,Regular,480,$42.00 ,$0.00 ,GFWZQMTWVH4GWPBDP0Z8JFGC0R,23.45,44%,Male,64+,NC
11/10/17,18:25:52,Handmade - Jewelry,1,,92,$42.00 ,$0.00 ,YRA83FFMM531MTPCB4QRNPWPTC,23.45,44%,Female,56-64,VA
10/20/17,17:42:40,Vintage Clothing,1,,302,$42.00 ,$0.00 ,F5GT3JYWN521GY625QFN8HFPP8,23.45,44%,Female,64+,GA
10/12/17,18:37:03,Handmade - Pottery,1,,360,$42.00 ,$0.00 ,N7BDQ0F39D0T0MFWGTTYJQJQX0,23.45,44%,Male,64+,NC
9/29/18,12:47:11,Antiques,1,Regular,957,$41.00 ,($8.20),47VVHX45Z54XWVPXANAZ449CPC,23.45,43%,Male,56-64,SC
10/6/18,18:37:15,Vintage Clothing,1,,233,$40.99 ,($8.20),MHYF89389N76PM0Z7Y0NHKAM0R,23.45,43%,Male,56-64,FL
10/5/18,20:33:30,Handmade - Jewelry,1,,163,$40.99 ,($11.48),VY7QEEK0B1584MVD2X9EZCYT54,23.45,43%,Female,64+,FL
6/16/18,12:32:18,Handmade - Jewelry,1,,391,$40.99 ,($6.15),3RTYSH5HKN7KAH0VFFX7BBKP94,23.45,43%,Female,64+,FL
9/18/18,15:47:36,Handmade - Jewelry,1,Regular,1316,$40.00 ,$0.00 ,CP3VYYQMEN2KCJR3WV5AFN3M5C,23.45,41%,Female,56-64,SC
8/18/18,14:59:53,Furniture,1,Regular,959,$40.00 ,($4.00),VGN0BKZJ2D26EYR799YYRG2GJR,23.45,41%,Female,64+,VA
7/21/18,14:57:42,Handmade - Candles,2,Regular,1332,$40.00 ,($6.00),FFSHBM8JT94NRRK1H1QEP107ER,23.45,41%,Male,56-64,GA
7/14/18,16:49:37,Handmade - Jewelry,1,Regular,1316,$40.00 ,$0.00 ,ZB2E5P2AN92N6QEXKCBY30F8R4,23.45,41%,Female,56-64,SC
5/19/18,12:19:06,Handmade - Artwork,2,,860,$40.00 ,$0.00 ,39YFBD22TS71MZ1R966B3B276C,23.45,41%,Male,56-64,VA
5/5/18,13:22:54,Handmade - Artwork,1,,854,$40.00 ,$0.00 ,HPP4V1PZA96YEV215WYG6J5WMM,23.45,41%,Female,56-64,SC
5/2/18,12:27:16,Handmade - Pottery,1,"medium, speckled white",1118,$40.00 ,$0.00 ,QDNAHFW7717X2GYHDN8RWWWQZC,23.45,41%,Female,56-64,GA
4/14/18,16:31:32,Antiques,1,,451,$40.00 ,($4.00),EBYPSC360N7R2TYPBZHAAPJ9M8,23.45,41%,Female,56-64,VA
3/30/18,18:02:16,Handmade - Home,1,,445,$40.00 ,$0.00 ,T4N77QWC013AMXSMV1HKX5NZWW,23.45,41%,Female,56-64,SC
2/24/18,14:32:29,Handmade - Jewelry,1,,393,$40.00 ,$0.00 ,KDSG3S1JDX7S4WQDCGF4FKKMV4,23.45,41%,Male,56-64,NC
2/17/18,16:53:08,Handmade - Home,1,,445,$40.00 ,($6.00),BRYRA99X2S4ZTPTJFTYA0XTG98,23.45,41%,Male,56-64,NC
2/14/18,17:15:21,Handmade - Jewelry,1,,416,$40.00 ,($6.00),TG5BK1D5NS502M7FE2DBXNS4WC,23.45,41%,Male,64+,GA
2/14/18,16:32:23,Handmade - Jewelry,1,,393,$40.00 ,($6.00),XXV8STWTPD28RPVAPXDYSH8DDG,23.45,41%,Female,56-64,NC
2/9/18,12:43:50,Handmade - Artwork,2,Regular,764,$40.00 ,$0.00 ,2TEM37VJ8S2G0KHY57ZY1GJPJC,23.45,41%,Female,64+,VA
1/31/18,12:21:05,Handmade - Artwork,2,Regular,764,$40.00 ,$0.00 ,F7NC8938XN6KMQ5DYPPW9TVW8W,23.45,41%,Female,56-64,NC
12/23/17,16:23:37,Handmade - Artwork,2,Regular,764,$40.00 ,($6.00),JSVW15DZES7Y0PSTX126WJMQA0,23.45,41%,Female,56-64,SC
11/10/17,18:25:52,Handmade - Jewelry,1,,392,$40.00 ,$0.00 ,G8SWKY5MB11NYJD4PF7MNCN28W,23.45,41%,Male,56-64,NC
11/10/17,15:21:25,Vintage Clothing,1,Regular,477,$40.00 ,$0.00 ,67BMQXYTP56BGGE3Z86AFHDJ7C,23.45,41%,Female,56-64,TN
10/21/17,16:34:56,Handmade - Jewelry,1,,416,$40.00 ,$0.00 ,N3MF3CMSMD1HTNDSRGEX5VVMAR,23.45,41%,Female,64+,VA
10/13/17,19:32:33,Handmade - Jewelry,1,,392,$40.00 ,$0.00 ,PXPQ15DRGN7NWGXX8R7DFQQ9X0,23.45,41%,Male,56-64,NC
10/12/17,19:25:24,Antiques,1,,85,$40.00 ,$0.00 ,N51QB95J5N4N8Y4WTTT9X3N010,23.45,41%,Female,64+,VA
6/19/18,16:55:36,Handmade - Jewelry,1,,631,$39.99 ,$0.00 ,HR8E27RFJ50NCVPDRRZB2E3K9M,23.45,41%,Female,56-64,NC
5/2/18,12:27:16,Handmade - Pottery,1,,156,$39.99 ,$0.00 ,XMSACP7R2D0RTN105F16X0HM8C,23.45,41%,Female,56-64,SC
10/12/18,13:29:16,Antiques,1,Regular,1659,$39.00 ,$0.00 ,4BDMMG3VZH26GZKK6T7EWTGZEC,23.45,40%,Female,56-64,SC
7/21/18,13:38:16,Antiques,1,,948,$39.00 ,($5.85),6RS8TKVVE10VMYD4AB7H58YP4W,23.45,40%,Female,64+,SC
9/7/18,15:29:46,Handmade - Artwork,1,,40,$38.99 ,($7.80),BSZE5FTH494R8ZQTBN4JM0DQY8,23.45,40%,Male,56-64,NC
6/1/18,18:57:32,Handmade - Jewelry,1,Regular,878,$38.99 ,($7.80),53W804Q9JN05TNTMS6A27M2SGR,23.45,40%,Female,56-64,SC
10/12/18,19:04:55,Handmade - Jewelry,1,Regular,488,$38.00 ,($5.70),PB8N9DB88N452H2W6VK0P31XC0,23.45,38%,Male,64+,SC
8/25/18,12:47:14,Handmade - Textiles,2,Regular,1046,$38.00 ,($7.60),B9MSR1JJEH3HYNYBDDDNVVQSBW,23.45,38%,Male,56-64,NC
8/22/18,21:14:46,Handmade - Jewelry,1,Regular,488,$38.00 ,($3.80),6NK1N4B4914NPVFPD4RD13MEW8,23.45,38%,Male,64+,SC
8/18/18,15:37:44,Handmade - Candles,2,Regular,766,$38.00 ,($3.80),DJKZFM47M14M4ZTG3BDGFJT52W,23.45,38%,Female,56-64,SC
7/28/18,12:49:59,Handmade - Jewelry,1,Regular,488,$38.00 ,$0.00 ,W3KTREY1JD2J8TNK9KANB56SP8,23.45,38%,Female,64+,SC
6/20/18,12:45:47,Handmade - Jewelry,1,,94,$38.00 ,$0.00 ,7S2QXG782S71MKQGCWZ19CZSF8,23.45,38%,Female,56-64,NC
6/20/18,12:44:14,Handmade - Jewelry,1,Regular,488,$38.00 ,$0.00 ,57P3Y92G0S380PJ6NBQS14ZHAR,23.45,38%,Female,56-64,NC
6/5/18,16:44:10,Handmade - Jewelry,1,Regular,488,$38.00 ,$0.00 ,X9ZC3CQWA56JTHRYPWGX7NT55C,23.45,38%,Female,56-64,NC
5/10/18,18:04:44,Handmade - Jewelry,1,,94,$38.00 ,($7.60),V5QRRJZF5N02JX7GWNWTT0NKYC,23.45,38%,Male,56-64,NC
4/14/18,15:41:32,Handmade - Jewelry,1,,94,$38.00 ,($3.80),GJWYZCTCAS0W1ENM7PX395XT5C,23.45,38%,Male,56-64,NC
4/14/18,15:41:32,Handmade - Jewelry,1,Regular,488,$38.00 ,($3.80),GB8929GY990NTQ5SXSQ01ZJNKC,23.45,38%,Male,64+,SC
4/13/18,14:28:45,Handmade - Jewelry,1,,94,$38.00 ,$0.00 ,0B2VZ89559560GZT3W0RF4TGH0,23.45,38%,Male,56-64,NC
4/3/18,12:38:35,Vintage Clothing,1,,253,$38.00 ,$0.00 ,MQN3HPJB350G0JKHNN7HHY7JAM,23.45,38%,Female,64+,NC
3/30/18,16:28:12,Handmade - Candles,2,Regular,766,$38.00 ,$0.00 ,N3X69FR1JS7XYNMP0G5JE2NPSW,23.45,38%,Male,56-64,NC
3/12/18,17:21:28,Handmade - Jewelry,1,,94,$38.00 ,$0.00 ,7E4DS59JT540AX0N86G0CG56B0,23.45,38%,Female,64+,NC
3/9/18,18:05:51,Handmade - Candles,2,Regular,766,$38.00 ,$0.00 ,4RM5JTGRJD2CRJ8WBR1P7B4V7G,23.45,38%,Male,56-64,GA
3/2/18,18:49:01,Handmade - Jewelry,1,Regular,488,$38.00 ,($3.80),YNC50CD41N3WYGZBB2Y38243XC,23.45,38%,Female,56-64,NC
2/23/18,12:29:21,Handmade - Jewelry,1,,94,$38.00 ,$0.00 ,18KRWFE6XN5QPXA6AQK7Q35FS0,23.45,38%,Male,64+,NC
2/21/18,20:53:24,Handmade - Jewelry,1,,94,$38.00 ,($3.80),B90AM3Y0C9536G3BXVRJW9ZC7M,23.45,38%,Male,56-64,NC
2/21/18,18:20:26,Handmade - Jewelry,1,,94,$38.00 ,($3.80),5ZC7DWASZX6VTYMJ322SVJREW8,23.45,38%,Female,56-64,NC
2/14/18,12:48:33,Handmade - Candles,2,Regular,766,$38.00 ,($5.70),6X1CSY12NH6RX48HVM990HDZZMWK4CHJ6RV38CG,23.45,38%,Female,56-64,NC
2/10/18,15:04:55,Antiques,1,,127,$38.00 ,$0.00 ,P7HWTFCD9X0K2ZSG2NSVMEM7HR,23.45,38%,Female,64+,NC
2/9/18,12:43:50,Handmade - Jewelry,1,,94,$38.00 ,$0.00 ,JWB3D5C7TH67JZ5GHWNMG8GJGR,23.45,38%,Female,64+,NC
2/8/18,15:57:37,Handmade - Jewelry,1,,94,$38.00 ,$0.00 ,B1RJK31WKD7KARZSAZ7QVZ3WTM,23.45,38%,Male,56-64,FL
1/13/18,16:55:07,Vintage Clothing,1,Regular,783,$38.00 ,$0.00 ,PMDAYBAJKS16GNJN6XH87DCY80,23.45,38%,Male,56-64,NC
1/13/18,14:42:13,Vintage Clothing,1,Regular,775,$38.00 ,($5.70),HZ21JAF47D20EJNNZB65ZWAJZG,23.45,38%,Male,64+,NC
12/24/17,13:53:14,Handmade - Jewelry,1,,94,$38.00 ,($5.70),0DVQ9WJP797YCTD8RKB3W1A4V0,23.45,38%,Female,56-64,FL
12/22/17,15:12:24,Handmade - Jewelry,1,Regular,488,$38.00 ,($5.70),GMH75GQZ6S50RRP8H1TJ8XGGZW,23.45,38%,Female,56-64,NC
12/20/17,13:52:25,Handmade - Jewelry,1,Regular,488,$38.00 ,($5.70),7B74FVZQYX4W4PN0ZQ5JGE044W,23.45,38%,Female,56-64,NC
12/20/17,12:59:56,Vintage Accessories,1,,553,$38.00 ,($5.70),TPK8A9PY1X78RQTAAPHJBD7MBW,23.45,38%,Female,56-64,GA
11/25/17,16:43:35,Vintage Clothing,1,,513,$38.00 ,($7.60),WPPQ4AT2HX6TGSZFHAV7YBD4FG,23.45,38%,Female,56-64,GA
11/16/17,14:54:18,Handmade - Jewelry,1,Regular,488,$38.00 ,($5.70),GZJFF8A4X5698SPGTYG3H0DSXW,23.45,38%,Male,56-64,VA
10/14/17,18:48:52,Handmade - Jewelry,1,,94,$38.00 ,$0.00 ,V9BWKKZYA571GQA825VMVS8BWW,23.45,38%,Female,56-64,NC
5/24/18,16:40:53,Handmade - Artwork,1,Regular,1041,$37.00 ,$0.00 ,3X6270EHG11QRW1Y9NDGMSD3S0,23.45,37%,Male,56-64,GA
4/28/18,16:12:38,Antiques,1,Regular,1157,$37.00 ,$0.00 ,XPW1H7FEGS45YTX5XN5KTA1RRM,3.56,90%,Female,56-64,VA
11/18/17,13:42:46,Furniture,1,Regular,604,$37.00 ,$0.00 ,1XPWKE2FSD17EY6D67ST1EP9GM,3.56,90%,Female,64+,NC
10/12/18,17:17:17,Handmade - Candles,2,Regular,907,$36.00 ,$0.00 ,N82R2SW68X22EWW4ABWR5RN7K0,3.56,90%,Female,56-64,GA
10/6/18,12:59:11,Vintage Clothing,1,Regular,77,$36.00 ,($7.20),27M7EQTNJX0BEPDBY25D888H24,3.56,90%,Female,56-64,GA
10/2/18,17:08:29,Antiques,1,Regular,1699,$36.00 ,$0.00 ,ED9FTJJ8EN7WRQFNJ7EKSZV84W,3.56,90%,Female,64+,FL
9/6/18,14:09:56,Antiques,1,Regular,1465,$36.00 ,$0.00 ,5XVHBN524H7EEJE8WGRC6XK670,3.56,90%,Female,56-64,VA
8/25/18,12:47:14,Handmade - Artwork,2,,57,$36.00 ,$0.00 ,P6RQ5GHM657MGM73M6BD403MBG,3.56,90%,Female,64+,GA
8/24/18,16:45:17,Antiques,1,Regular,773,$36.00 ,($7.20),8VXFATT9EX2RMX5DS9V3GVAEVR,3.56,90%,Male,56-64,SC
8/22/18,21:57:04,Antiques,1,Regular,1506,$36.00 ,($7.20),0A5C87YEQX0EAKEMT75Y7PMZPC,3.56,90%,Female,56-64,NC
7/26/18,15:21:31,Handmade - Jewelry,1,,408,$36.00 ,$0.00 ,8SJPX4ERAD4RWHP4D9BPPVJXF4,3.56,90%,Male,56-64,VA
7/12/18,14:03:48,Handmade - Jewelry,1,,408,$36.00 ,$0.00 ,CD7NEC7XBH3FPWZZ98DRP34HF0,3.56,90%,Female,64+,VA
4/12/18,15:20:46,Vintage Clothing,1,,240,$36.00 ,$0.00 ,TRME0ADYJ5534M4NQ2MJMGRVPC,3.56,90%,Female,64+,GA
2/13/18,19:03:55,Handmade - Jewelry,1,,406,$36.00 ,($5.40),YADBEMFQ9N0PPMGGW6S7HT5F6C,3.56,90%,Male,56-64,TN
2/13/18,17:59:48,Handmade - Jewelry,1,,408,$36.00 ,($5.40),YXNRK3R85N5Q6Q4R83NP260940,3.56,90%,Female,56-64,NC
2/3/18,18:03:10,Handmade - Jewelry,1,,422,$36.00 ,$0.00 ,7HWRMMWYW975PKSQCQ0GKEM1BR,3.56,90%,Female,64+,VA
2/3/18,17:12:26,Vintage Clothing,1,,459,$36.00 ,$0.00 ,3VMEMJZKC92PYYD781DTN2FJ9W,3.56,90%,Female,56-64,TN
2/3/18,12:49:02,Antiques,1,,701,$36.00 ,$0.00 ,V5TDFJZYBD2P0Q3KSZDNHDT7BW,3.56,90%,Female,64+,SC
1/9/18,16:34:57,Antiques,1,Regular,774,$36.00 ,$0.00 ,CCV503EM3D4AAPF0HEYNKP20Y0,3.56,90%,Male,64+,TN
12/29/17,16:21:53,Handmade - Artwork,1,,274,$36.00 ,$0.00 ,AK3D2GXGND6HRWVCVC3J9REYGG,3.56,90%,Male,56-64,NC
12/27/17,16:27:21,Vintage Clothing,1,,175,$36.00 ,$0.00 ,JQN8N9D37D134JK4X4QD13THMC,3.56,90%,Male,56-64,SC
12/23/17,14:07:36,Handmade - Jewelry,1,,422,$36.00 ,($5.40),ARGDDWHMWX750VR8KNY4F6M82C,3.56,90%,Male,64+,SC
12/20/17,13:52:25,Handmade - Jewelry,1,,406,$36.00 ,($5.40),MN22SVY6ZS62WKMFTFZZXT9P1R,3.56,90%,Female,64+,NC
12/16/17,14:49:45,Handmade - Jewelry,1,,408,$36.00 ,($5.40),5HA87V6R3N4BJSHDVV1DNCK5J8,3.56,90%,Male,64+,SC
12/9/17,14:56:40,Handmade - Pottery,1,,157,$36.00 ,$0.00 ,PC6A64W21X3XCH96S1VPHW4MDC,3.56,90%,Female,56-64,NC
12/2/17,16:53:16,Handmade - Jewelry,1,,422,$36.00 ,($5.40),VK2CQ3EQWS5KJP1P9W4YCJMA5W,3.56,90%,Male,56-64,NC
11/18/17,14:01:38,Handmade - Home,1,,444,$36.00 ,$0.00 ,C74FEY6E4H53YJ5HNGY4MTE17R,3.56,90%,Male,64+,NC
11/16/17,14:54:18,Handmade - Candles,2,,489,$36.00 ,($5.40),4MMFMQY2R92V4NQM7GBWM978Q4,3.56,90%,Female,64+,NC
11/14/17,14:55:49,Handmade - Artwork,1,,274,$36.00 ,$0.00 ,7FBPHAQF9D73EJGQR05J7DK04C,3.56,90%,Female,64+,NC
10/28/17,12:52:54,Handmade - Pottery,1,,157,$36.00 ,$0.00 ,7B94RT0BS5446R609EF4VK5WMM,3.56,90%,Male,64+,NC
10/14/17,18:48:52,Handmade - Jewelry,1,,408,$36.00 ,$0.00 ,QHE4DA31P96MYQTW46FMK4HD2R,3.56,90%,Male,26-35,FL
10/14/17,12:46:47,Vintage Clothing,1,,132,$36.00 ,$0.00 ,K01S9A4K7H0HTVWW5N8WMYYH4R,3.56,90%,Male,18-25,NC
10/12/17,20:57:36,Antiques,1,Regular,87,$36.00 ,$0.00 ,W6DW07TDX1136JJ41446CWA9MG,3.56,90%,Female,26-35,NC
6/29/18,17:17:37,Handmade - Pottery,1,Regular,155,$35.99 ,($5.40),PFFE7E7FT13C50VXCS630CHBTR,3.56,90%,Female,36-45,NC
9/28/18,15:24:48,Antiques,1,,1542,$35.00 ,$0.00 ,AQB71T98RN7WMK5ATG9THJX3Z8,3.56,90%,Female,18-25,NC
9/28/18,7:47:46,Furniture,1,Regular,1711,$35.00 ,$0.00 ,EFWJTE620X029FE8PKN0MYNJCW,3.56,90%,Male,26-35,NC
8/10/18,12:14:36,Handmade - Pottery,1,"small, thin speckled white w/out drain",1292,$35.00 ,$0.00 ,C957K70GVS4TGYRD9P8Q7YNT2C,3.56,90%,Male,36-45,SC
8/8/18,13:39:38,Antiques,1,Regular,1264,$35.00 ,$0.00 ,6REFVR7EDX5GTVSMP6CBMSSDP8,3.56,90%,Female,26-35,SC
7/18/18,14:57:43,Handmade - Pottery,1,"small, thin speckled white w/out drain",1292,$35.00 ,$0.00 ,BA0M523J610FMVRF9XYQSYB700,3.56,90%,Female,18-25,SC
4/3/18,13:04:17,Handmade - Textiles,1,,493,$35.00 ,($7.00),ZGV3RWANQS42ANYC53XGM9DPNR,3.56,90%,Male,36-45,FL
3/31/18,18:23:18,Handmade - Home,1,,440,$35.00 ,($7.00),AZ4T08WCNH2N0TQA1HCFQED484,3.56,90%,Female,36-45,VA
3/30/18,14:23:07,Vintage Clothing,1,,681,$35.00 ,($5.25),MH0Q3GHJ311B6QV2P27K038V4M,3.56,90%,Female,46-55,VA
1/31/18,12:21:05,Handmade - Artwork,1,,851,$35.00 ,$0.00 ,9DHW1BGWDH4R4RPQXCVSGZSXE0,3.56,90%,Male,46-55,GA
12/26/17,17:30:22,Antiques,5,,647,$35.00 ,($5.25),SND7BE5KGS71RPRBJZSBJBG3JR,3.56,90%,Male,18-25,GA
12/22/17,12:31:02,Antiques,1,,702,$35.00 ,($5.25),TFJK4WRHJ11Y4QYMQNZWB55AXR,3.56,90%,Female,26-35,FL
12/16/17,14:40:48,Handmade - Textiles,1,,493,$35.00 ,$0.00 ,4X6KQ8JZ9H026J20JMDTWGV1V8,3.56,90%,Female,36-45,FL
12/12/17,17:32:12,Handmade - Home,1,,440,$35.00 ,$0.00 ,QKXTZR4KT10ECZAF58Y0E17W20,3.56,90%,Female,46-55,NC
8/25/18,17:02:36,Handmade - Jewelry,1,Regular,879,$34.99 ,($7.00),C8NVR159RD28EJ7DFQG44Z91MG,3.56,90%,Female,56-64,NC
6/16/18,14:40:34,Handmade - Jewelry,1,,142,$34.99 ,$0.00 ,8A4HSC2CFN1KYMAHNKMQD7D57M,3.56,90%,Male,64+,NC
6/16/18,13:10:34,Handmade - Jewelry,1,,142,$34.99 ,$0.00 ,7EKFV6JMCX4B4W3ZQ3WCXKHMEC,3.56,90%,Male,18-25,NC
10/2/18,17:21:42,Antiques,1,Regular,840,$34.00 ,$0.00 ,PTV24XQDCX0R2N6VKCAWYZDK9M,3.56,90%,Female,18-25,NC
9/21/18,11:40:59,Handmade - Jewelry,1,,382,$34.00 ,$0.00 ,M90BSKQPTD7MRJHDHD7DD8T6CG,3.56,90%,Female,26-35,NC
8/14/18,13:32:41,Handmade - Jewelry,1,,93,$34.00 ,$0.00 ,CA57V8X28D1J8JT1TPDJ3BE75R,3.56,90%,Female,26-35,NC
8/4/18,18:46:26,Handmade - Jewelry,1,,93,$34.00 ,$0.00 ,BGADVGVPRX21AV8565F70HZE0R,3.56,90%,Female,36-45,NC
7/25/18,17:33:03,Handmade - Jewelry,1,,93,$34.00 ,($5.10),EFWJTE620X029FE8PKN0MYNJCW,3.56,90%,Male,26-35,NC
7/11/18,16:27:17,Found,1,Regular,1017,$34.00 ,$0.00 ,N55H0JCHJN428N7Z8T98XP32KR,3.56,90%,Female,56-64,NC
6/23/18,12:37:10,Custom Merchandise,2,Regular,1023,$34.00 ,($5.10),Y38TDM5A1H0W4VX0N3X5AW9VJG,3.56,90%,Male,64+,NC
6/9/18,16:57:06,Handmade - Jewelry,1,,93,$34.00 ,($6.80),1M6XB51RX53SPM6RC63XEG1CGG,3.56,90%,Male,56-64,GA
6/9/18,12:05:43,Handmade - Pottery,1,white,1113,$34.00 ,$0.00 ,JJY0KHGKJS0KRKGA1B72KVKJG0,3.56,90%,Male,56-64,NC
5/29/18,16:10:46,Vintage Clothing,1,,570,$34.00 ,$0.00 ,7B94RT0BS5446R609EF4VK5WMM,3.56,90%,Male,64+,NC
5/26/18,18:34:33,Custom Merchandise,2,Regular,1023,$34.00 ,$0.00 ,C7KBMW3HDH0JJN5XGB4S3T0C9R,3.56,90%,Female,56-64,NC
4/6/18,19:18:42,Vintage Accessories,1,,558,$34.00 ,($3.40),GGRBWQVEF1176MWGBHCRNAJ6C0,3.56,90%,Male,56-64,NC
3/3/18,12:57:49,Vintage Clothing,1,,241,$34.00 ,$0.00 ,SPKCNG3ZSN3H4GKAME7SYHQYZ4,3.56,90%,Female,64+,NC
2/23/18,15:25:39,Vintage Clothing,1,Regular,870,$34.00 ,$0.00 ,5YABFJS0XX4WRGNSBA2MR4X210,3.56,90%,Female,56-64,NC
2/21/18,20:53:24,Handmade - Jewelry,1,,93,$34.00 ,($3.40),7HT5TTF8XH3EYM8Q44Y2KHQVS4,3.56,90%,Female,56-64,NC
2/16/18,16:07:01,Handmade - Jewelry,1,,93,$34.00 ,($5.10),3KJ6H3YNZX7BJZ1DWFW634HBRR,3.56,90%,Female,56-64,GA
2/3/18,17:57:45,Handmade - Jewelry,1,,382,$34.00 ,$0.00 ,8540H480P1308HZAGC050M12M8,3.56,90%,Female,56-64,NC
2/2/18,19:32:51,Vintage Accessories,1,,557,$34.00 ,($3.40),9Q48REY9X1770TYPFSJQVQQ29M,3.56,90%,Female,64+,NC
1/9/18,13:50:22,Handmade - Jewelry,1,,93,$34.00 ,($5.10),FSRSKMFC993WCQCNXZVM2YHS84,3.56,90%,Male,56-64,FL
12/30/17,15:05:13,Vintage Clothing,1,,217,$34.00 ,$0.00 ,PHRT6JMQ197YES5YQP5RJQ0JBR,3.56,90%,Female,56-64,NC
12/22/17,13:51:41,Handmade - Jewelry,1,,93,$34.00 ,($5.10),A4F04F01G916TS9RN3CFC7F4A4,3.56,90%,Male,56-64,GA
12/15/17,14:20:10,Vintage Clothing,1,,54,$34.00 ,$0.00 ,2CMRW4J0ZX376M2VAV8HTTEE18,3.56,90%,Male,56-64,FL
12/6/17,12:36:56,Handmade - Jewelry,1,,382,$34.00 ,$0.00 ,XDJJAN2FFH2KJK0A6GBHW7NGB0,3.56,90%,Male,64+,NC
11/11/17,15:03:56,Antiques,1,,448,$34.00 ,$0.00 ,0RPEC48T9D676T2KSVF5MBPRXW,3.56,90%,Female,56-64,FL
10/31/17,16:19:41,Vintage Clothing,1,,251,$34.00 ,$0.00 ,2ZCDXDZS0S7JYSZJV126BK1R18,3.56,90%,Male,56-64,NC
10/17/17,14:15:46,Handmade - Jewelry,1,,93,$34.00 ,$0.00 ,2BEDGZJC7N4N4ZK3B9WEA91PF8,3.56,90%,Female,64+,NC
10/13/17,19:32:33,Vintage Clothing,1,,19,$34.00 ,$0.00 ,7Q89DYAE6H29JPT8VKB0KFRJTW,3.56,90%,Female,56-64,FL
10/12/17,19:30:03,Handmade - Jewelry,1,,93,$34.00 ,$0.00 ,FP7FS6P0MD2PCNSYPCTXK4N6Y4,3.56,90%,Female,56-64,GA
10/12/17,18:40:52,Antiques,1,Regular,3,$34.00 ,$0.00 ,", ZGV3RWANQS42ANYC53XGM9DPNR",3.56,90%,Female,56-64,NC
6/2/18,13:18:41,Handmade - Jewelry,1,,628,$33.99 ,$0.00 ,BZQGE0BM6H5PPKG7CTASZBNVAR,3.56,90%,Female,64+,NC
5/26/18,12:48:04,Handmade - Jewelry,1,,629,$33.99 ,$0.00 ,A2C5TMA2Q96EAK9XG039JPDJD4,3.56,90%,Female,56-64,VA
5/5/18,16:50:39,Handmade - Pottery,1,,360,$33.99 ,($6.80),BBNHPHN4N5176G967GW111QDYG,3.56,90%,Female,64+,FL
10/12/18,13:29:16,Antiques,1,,950,$33.00 ,($6.60),C8NVR159RD28EJ7DFQG44Z91MG,3.56,89%,Female,56-64,NC
9/22/18,13:40:25,Handmade - Jewelry,1,Regular,1312,$33.00 ,$0.00 ,8A4HSC2CFN1KYMAHNKMQD7D57M,3.56,89%,Male,64+,NC
8/30/18,9:28:59,Antiques,1,Regular,1590,$33.00 ,($4.95),FM9801NFNN230SDGQDY9170ENM,3.56,89%,Male,56-64,VA
8/7/18,16:22:34,Furniture,1,Regular,1109,$33.00 ,$0.00 ,F1ECVVJWMX5ZPPF0FT9RMTV22W,3.56,89%,Male,56-64,GA
7/5/18,15:55:58,Handmade - Jewelry,1,Regular,1312,$33.00 ,$0.00 ,GE3Y2GS9W90SPS9QN3CG0E7QDR,3.56,89%,Male,64+,GA
6/19/18,16:55:36,None,1,,1092,$33.00 ,$0.00 ,0JBR31QSW92JGW5HSHH4EEPCF4,3.56,89%,Male,56-64,NC
11/22/17,13:25:39,Handmade - Candles,3,Regular,483,$33.00 ,($6.60),GFWZQMTWVH4GWPBDP0Z8JFGC0R,3.56,89%,Male,64+,NC
10/4/18,13:07:15,Handmade - Jewelry,1,Regular,1319,$32.00 ,$0.00 ,YRA83FFMM531MTPCB4QRNPWPTC,3.56,89%,Female,56-64,VA
9/29/18,16:53:38,Antiques,1,,1279,$32.00 ,$0.00 ,F5GT3JYWN521GY625QFN8HFPP8,3.56,89%,Female,64+,GA
9/29/18,12:28:19,Vintage Clothing,1,,720,$32.00 ,$0.00 ,N7BDQ0F39D0T0MFWGTTYJQJQX0,3.56,89%,Male,64+,NC
8/28/18,13:24:15,Handmade - Jewelry,1,Regular,1319,$32.00 ,$0.00 ,47VVHX45Z54XWVPXANAZ449CPC,3.56,89%,Male,56-64,SC
8/18/18,14:46:36,Vintage Clothing,1,,218,$32.00 ,($3.20),MHYF89389N76PM0Z7Y0NHKAM0R,3.56,89%,Male,56-64,FL
8/4/18,12:43:10,Handmade - Jewelry,1,Regular,1319,$32.00 ,$0.00 ,VY7QEEK0B1584MVD2X9EZCYT54,3.56,89%,Female,64+,FL
7/14/18,16:47:57,Handmade - Pottery,1,"x-small, speckled white w/out drain",1112,$32.00 ,$0.00 ,3RTYSH5HKN7KAH0VFFX7BBKP94,3.56,89%,Female,64+,FL
5/11/18,17:48:17,Handmade - Pottery,1,"small, white",195,$32.00 ,$0.00 ,CP3VYYQMEN2KCJR3WV5AFN3M5C,3.56,89%,Female,56-64,SC
5/11/18,15:18:12,Handmade - Jewelry,1,Regular,889,$32.00 ,$0.00 ,VGN0BKZJ2D26EYR799YYRG2GJR,3.56,89%,Female,64+,VA
5/10/18,19:54:29,Handmade - Jewelry,1,Regular,889,$32.00 ,($3.20),FFSHBM8JT94NRRK1H1QEP107ER,3.56,89%,Male,56-64,GA
4/28/18,14:14:23,Handmade - Jewelry,1,Regular,888,$32.00 ,$0.00 ,ZB2E5P2AN92N6QEXKCBY30F8R4,3.56,89%,Female,56-64,SC
4/27/18,17:06:11,Handmade - Jewelry,2,Regular,404,$32.00 ,$0.00 ,39YFBD22TS71MZ1R966B3B276C,3.56,89%,Male,56-64,VA
4/26/18,13:29:53,Handmade - Pottery,1,"small, speckled white",1110,$32.00 ,$0.00 ,HPP4V1PZA96YEV215WYG6J5WMM,3.56,89%,Female,56-64,SC
4/20/18,18:20:10,Handmade - Jewelry,1,,405,$32.00 ,$0.00 ,QDNAHFW7717X2GYHDN8RWWWQZC,3.56,89%,Female,56-64,GA
4/11/18,14:11:35,Handmade - Jewelry,1,Regular,888,$32.00 ,($4.80),EBYPSC360N7R2TYPBZHAAPJ9M8,3.56,89%,Female,56-64,VA
4/6/18,18:44:41,Vintage Clothing,1,,208,$32.00 ,($3.20),T4N77QWC013AMXSMV1HKX5NZWW,3.56,89%,Female,56-64,SC
4/4/18,15:11:23,Handmade - Jewelry,1,,421,$32.00 ,$0.00 ,KDSG3S1JDX7S4WQDCGF4FKKMV4,3.56,89%,Male,56-64,NC
3/30/18,14:57:16,Handmade - Jewelry,1,,405,$32.00 ,$0.00 ,BRYRA99X2S4ZTPTJFTYA0XTG98,3.56,89%,Male,56-64,NC
3/24/18,15:41:50,Handmade - Jewelry,1,Regular,889,$32.00 ,($4.80),TG5BK1D5NS502M7FE2DBXNS4WC,3.56,89%,Male,64+,GA
3/3/18,17:13:19,Handmade - Jewelry,1,,421,$32.00 ,$0.00 ,XXV8STWTPD28RPVAPXDYSH8DDG,3.56,89%,Female,56-64,NC
2/1/18,12:14:10,Handmade - Jewelry,1,,405,$32.00 ,$0.00 ,2TEM37VJ8S2G0KHY57ZY1GJPJC,3.56,89%,Female,64+,VA
1/23/18,12:59:29,Handmade - Candles,1,,367,$32.00 ,($4.80),F7NC8938XN6KMQ5DYPPW9TVW8W,3.56,89%,Female,56-64,NC
12/23/17,12:36:08,Vintage Accessories,1,,559,$32.00 ,($4.80),JSVW15DZES7Y0PSTX126WJMQA0,3.56,89%,Female,56-64,SC
12/22/17,18:18:48,Handmade - Jewelry,1,,405,$32.00 ,($4.80),G8SWKY5MB11NYJD4PF7MNCN28W,3.56,89%,Male,56-64,NC
12/21/17,16:24:12,Handmade - Candles,1,,367,$32.00 ,($4.80),67BMQXYTP56BGGE3Z86AFHDJ7C,3.56,89%,Female,56-64,TN
12/20/17,14:11:44,Handmade - Candles,1,,14,$32.00 ,($4.80),N3MF3CMSMD1HTNDSRGEX5VVMAR,3.56,89%,Female,64+,VA
12/9/17,14:31:26,Handmade - Jewelry,2,Regular,426,$32.00 ,$0.00 ,PXPQ15DRGN7NWGXX8R7DFQQ9X0,3.56,89%,Male,56-64,NC
12/7/17,15:32:18,Handmade - Candles,1,,14,$32.00 ,$0.00 ,N51QB95J5N4N8Y4WTTT9X3N010,3.56,89%,Female,64+,VA
12/2/17,16:18:08,Handmade - Pottery,1,,195,$32.00 ,$0.00 ,HR8E27RFJ50NCVPDRRZB2E3K9M,3.56,89%,Female,56-64,NC
12/2/17,16:16:17,Handmade - Pottery,1,,195,$32.00 ,$0.00 ,XMSACP7R2D0RTN105F16X0HM8C,3.56,89%,Female,56-64,SC
11/24/17,13:13:38,Handmade - Jewelry,1,,405,$32.00 ,($6.40),4BDMMG3VZH26GZKK6T7EWTGZEC,3.56,89%,Female,56-64,SC
11/21/17,13:24:38,Handmade - Jewelry,1,,421,$32.00 ,$0.00 ,6RS8TKVVE10VMYD4AB7H58YP4W,3.56,89%,Female,64+,SC
11/10/17,14:23:44,Handmade - Candles,1,,14,$32.00 ,($32.00),BSZE5FTH494R8ZQTBN4JM0DQY8,3.56,89%,Male,56-64,NC
11/2/17,17:53:53,Handmade - Pottery,1,,195,$32.00 ,$0.00 ,53W804Q9JN05TNTMS6A27M2SGR,3.56,89%,Female,56-64,SC
10/21/17,18:59:17,Vintage Clothing,1,,228,$32.00 ,$0.00 ,PB8N9DB88N452H2W6VK0P31XC0,3.56,89%,Male,64+,SC
10/19/17,12:31:27,Handmade - Pottery,1,,195,$32.00 ,$0.00 ,B9MSR1JJEH3HYNYBDDDNVVQSBW,3.56,89%,Male,56-64,NC
10/12/17,19:44:05,Handmade - Candles,1,,367,$32.00 ,$0.00 ,6NK1N4B4914NPVFPD4RD13MEW8,3.56,89%,Male,64+,SC
10/12/17,19:30:03,Handmade - Candles,1,,367,$32.00 ,$0.00 ,DJKZFM47M14M4ZTG3BDGFJT52W,3.56,89%,Female,56-64,SC
10/12/17,18:40:52,Handmade - Candles,1,,367,$32.00 ,$0.00 ,W3KTREY1JD2J8TNK9KANB56SP8,3.56,89%,Female,64+,SC
10/12/17,18:37:03,Handmade - Candles,1,,367,$32.00 ,$0.00 ,7S2QXG782S71MKQGCWZ19CZSF8,3.56,89%,Female,56-64,NC
10/12/17,18:25:37,Antiques,1,,368,$32.00 ,$0.00 ,57P3Y92G0S380PJ6NBQS14ZHAR,3.56,89%,Female,56-64,NC
4/14/18,16:34:20,Handmade - Jewelry,1,,416,$31.99 ,($3.20),X9ZC3CQWA56JTHRYPWGX7NT55C,3.56,89%,Female,56-64,NC
10/12/18,19:08:13,Antiques,1,,1441,$31.00 ,$0.00 ,V5QRRJZF5N02JX7GWNWTT0NKYC,3.56,89%,Male,56-64,NC
9/8/18,15:07:19,Antiques,1,,949,$31.00 ,($8.68),GJWYZCTCAS0W1ENM7PX395XT5C,3.56,89%,Male,56-64,NC
8/16/18,15:27:51,Antiques,1,Regular,1531,$31.00 ,$0.00 ,GB8929GY990NTQ5SXSQ01ZJNKC,3.56,89%,Male,64+,SC
6/22/18,13:35:17,Vintage Clothing,1,Regular,518,$31.00 ,($4.65),0B2VZ89559560GZT3W0RF4TGH0,3.56,89%,Male,56-64,NC
5/18/18,16:02:46,None,1,,1099,$31.00 ,$0.00 ,MQN3HPJB350G0JKHNN7HHY7JAM,3.56,89%,Female,64+,NC
7/21/18,19:05:23,Handmade - Jewelry,1,Regular,612,$30.99 ,$0.00 ,N3X69FR1JS7XYNMP0G5JE2NPSW,3.56,89%,Male,56-64,NC
7/12/18,16:02:18,Handmade - Jewelry,1,,632,$30.99 ,$0.00 ,7E4DS59JT540AX0N86G0CG56B0,3.56,89%,Female,64+,NC
5/9/18,13:22:39,Handmade - Textiles,1,,491,$30.99 ,$0.00 ,4RM5JTGRJD2CRJ8WBR1P7B4V7G,3.56,89%,Male,56-64,GA
10/4/18,13:07:15,Handmade - Jewelry,1,Regular,1317,$30.00 ,$0.00 ,YNC50CD41N3WYGZBB2Y38243XC,3.56,88%,Female,56-64,NC
9/22/18,15:44:34,Handmade - Artwork,1,Regular,1202,$30.00 ,($4.50),18KRWFE6XN5QPXA6AQK7Q35FS0,3.56,88%,Male,64+,NC
9/22/18,14:55:58,Handmade - Artwork,1,"""Daddy never was the Cadillac kind""",1061,$30.00 ,($8.32),B90AM3Y0C9536G3BXVRJW9ZC7M,3.56,88%,Male,56-64,NC
9/21/18,18:06:36,Handmade - Jewelry,1,Regular,1317,$30.00 ,($4.50),5ZC7DWASZX6VTYMJ322SVJREW8,3.56,88%,Female,56-64,NC
8/23/18,12:12:10,Handmade - Artwork,1,Regular,1202,$30.00 ,($4.50),6X1CSY12NH6RX48HVM990HDZZMWK4CHJ6RV38CG,3.56,88%,Female,56-64,NC
8/18/18,12:36:48,Handmade - Apothecary,2,Regular,1239,$30.00 ,($4.50),P7HWTFCD9X0K2ZSG2NSVMEM7HR,3.56,88%,Female,64+,NC
8/17/18,17:32:23,Handmade - Jewelry,1,gold,422,$30.00 ,$0.00 ,JWB3D5C7TH67JZ5GHWNMG8GJGR,3.56,88%,Female,64+,NC
8/17/18,15:48:01,Vintage Clothing,1,Regular,987,$30.00 ,$0.00 ,B1RJK31WKD7KARZSAZ7QVZ3WTM,3.56,88%,Male,56-64,FL
8/17/18,15:47:18,Handmade - Artwork,1,Regular,1159,$30.00 ,$0.00 ,PMDAYBAJKS16GNJN6XH87DCY80,3.56,88%,Male,56-64,NC
8/10/18,15:51:34,Handmade - Jewelry,1,Regular,889,$30.00 ,$0.00 ,HZ21JAF47D20EJNNZB65ZWAJZG,3.56,88%,Male,64+,NC
7/28/18,15:05:50,Vintage Clothing,1,,1271,$30.00 ,$0.00 ,0DVQ9WJP797YCTD8RKB3W1A4V0,3.56,88%,Female,56-64,FL
7/11/18,13:49:13,Handmade - Artwork,1,Regular,1202,$30.00 ,($4.50),GMH75GQZ6S50RRP8H1TJ8XGGZW,3.56,88%,Female,56-64,NC
7/4/18,14:51:44,Handmade - Artwork,1,"""Daddy never was the Cadillac kind""",1061,$30.00 ,$0.00 ,7B74FVZQYX4W4PN0ZQ5JGE044W,3.56,88%,Female,56-64,NC
7/3/18,13:24:24,Handmade - Artwork,1,"""For Ben""",798,$30.00 ,$0.00 ,TPK8A9PY1X78RQTAAPHJBD7MBW,3.56,88%,Female,56-64,GA
6/16/18,13:03:44,Handmade - Jewelry,1,,381,$30.00 ,$0.00 ,WPPQ4AT2HX6TGSZFHAV7YBD4FG,3.56,88%,Female,56-64,GA
6/16/18,13:03:44,Handmade - Artwork,1,Regular,1202,$30.00 ,($4.50),GZJFF8A4X5698SPGTYG3H0DSXW,3.56,88%,Male,56-64,VA
6/7/18,17:28:00,Vintage Clothing,1,,210,$30.00 ,($3.00),V9BWKKZYA571GQA825VMVS8BWW,3.56,88%,Female,56-64,NC
5/31/18,13:35:35,Vintage Clothing,1,Regular,985,$30.00 ,$0.00 ,3X6270EHG11QRW1Y9NDGMSD3S0,3.56,88%,Male,56-64,GA
5/30/18,14:31:00,Handmade - Artwork,1,Regular,1202,$30.00 ,$0.00 ,XPW1H7FEGS45YTX5XN5KTA1RRM,3.56,88%,Female,56-64,VA
5/19/18,13:51:50,Handmade - Artwork,1,"""The Sun""",1062,$30.00 ,$0.00 ,1XPWKE2FSD17EY6D67ST1EP9GM,3.56,88%,Female,64+,NC
5/2/18,16:53:04,Handmade - Pottery,1,"x-small, speckled white",1112,$30.00 ,$0.00 ,N82R2SW68X22EWW4ABWR5RN7K0,3.56,88%,Female,56-64,GA
4/14/18,15:41:32,Handmade - Jewelry,1,,381,$30.00 ,($3.00),27M7EQTNJX0BEPDBY25D888H24,3.56,88%,Female,56-64,GA
4/5/18,15:09:34,Handmade - Artwork,1,,296,$30.00 ,$0.00 ,ED9FTJJ8EN7WRQFNJ7EKSZV84W,3.56,88%,Female,64+,FL
3/24/18,12:13:00,Handmade - Pottery,1,,161,$30.00 ,($6.00),5XVHBN524H7EEJE8WGRC6XK670,3.56,88%,Female,56-64,VA
3/9/18,13:02:29,Handmade - Artwork,1,Regular,762,$30.00 ,$0.00 ,P6RQ5GHM657MGM73M6BD403MBG,3.56,88%,Female,64+,GA
3/3/18,14:21:10,Handmade - Artwork,1,Regular,762,$30.00 ,$0.00 ,8VXFATT9EX2RMX5DS9V3GVAEVR,3.56,88%,Male,56-64,SC
3/2/18,19:13:25,Handmade - Jewelry,1,,381,$30.00 ,($3.00),0A5C87YEQX0EAKEMT75Y7PMZPC,3.56,88%,Female,56-64,NC
2/21/18,20:51:57,Handmade - Jewelry,1,,381,$30.00 ,($3.00),8SJPX4ERAD4RWHP4D9BPPVJXF4,3.56,88%,Male,56-64,VA
2/13/18,17:59:48,Handmade - Jewelry,1,,415,$30.00 ,($4.50),CD7NEC7XBH3FPWZZ98DRP34HF0,3.56,88%,Female,64+,VA
2/8/18,13:26:55,Vintage Clothing,1,,249,$30.00 ,$0.00 ,TRME0ADYJ5534M4NQ2MJMGRVPC,3.56,88%,Female,64+,GA
2/3/18,15:40:59,Handmade - Jewelry,2,Regular,893,$30.00 ,$0.00 ,YADBEMFQ9N0PPMGGW6S7HT5F6C,3.56,88%,Male,56-64,TN
1/13/18,13:47:43,Handmade - Jewelry,1,,423,$30.00 ,$0.00 ,YXNRK3R85N5Q6Q4R83NP260940,3.56,88%,Female,56-64,NC
1/11/18,16:11:59,Handmade - Jewelry,1,,381,$30.00 ,$0.00 ,7HWRMMWYW975PKSQCQ0GKEM1BR,3.56,88%,Female,64+,VA
12/29/17,16:21:53,Handmade - Artwork,1,,296,$30.00 ,$0.00 ,3VMEMJZKC92PYYD781DTN2FJ9W,3.56,88%,Female,56-64,TN
12/28/17,14:06:31,Vintage Clothing,1,,204,$30.00 ,($4.50),V5TDFJZYBD2P0Q3KSZDNHDT7BW,3.56,88%,Female,64+,SC
12/22/17,16:19:05,Handmade - Artwork,1,Regular,762,$30.00 ,($4.50),CCV503EM3D4AAPF0HEYNKP20Y0,3.56,88%,Male,64+,TN
12/21/17,15:46:37,Handmade - Jewelry,1,,423,$30.00 ,($4.50),AK3D2GXGND6HRWVCVC3J9REYGG,3.56,88%,Male,56-64,NC
12/21/17,15:40:26,Handmade - Artwork,1,Regular,762,$30.00 ,($4.50),JQN8N9D37D134JK4X4QD13THMC,3.56,88%,Male,56-64,SC
12/9/17,14:44:24,Handmade - Artwork,1,,296,$30.00 ,$0.00 ,ARGDDWHMWX750VR8KNY4F6M82C,3.56,88%,Male,64+,SC
12/7/17,15:32:18,Handmade - Apothecary,2,,531,$30.00 ,$0.00 ,MN22SVY6ZS62WKMFTFZZXT9P1R,3.56,88%,Female,64+,NC
12/6/17,14:08:32,Handmade - Jewelry,1,,381,$30.00 ,$0.00 ,5HA87V6R3N4BJSHDVV1DNCK5J8,3.56,88%,Male,64+,SC
12/1/17,20:31:18,Handmade - Jewelry,1,,381,$30.00 ,($3.00),PC6A64W21X3XCH96S1VPHW4MDC,3.56,88%,Female,56-64,NC
11/24/17,18:55:17,Vintage Clothing,1,,207,$30.00 ,($6.00),VK2CQ3EQWS5KJP1P9W4YCJMA5W,3.56,88%,Male,56-64,NC
11/24/17,18:55:17,Vintage Clothing,1,,243,$30.00 ,($6.00),C74FEY6E4H53YJ5HNGY4MTE17R,3.56,88%,Male,64+,NC
11/24/17,13:13:38,Handmade - Apothecary,1,,524,$30.00 ,($6.00),4MMFMQY2R92V4NQM7GBWM978Q4,3.56,88%,Female,64+,NC
11/18/17,12:45:24,Vintage Clothing,1,,174,$30.00 ,$0.00 ,7FBPHAQF9D73EJGQR05J7DK04C,3.56,88%,Female,64+,NC
11/17/17,18:36:24,Handmade - Textiles,1,,492,$30.00 ,$0.00 ,XPX4RJS9N17YWWWHHAH0C4X4PC,3.56,88%,Female,26-35,NC
11/16/17,14:54:18,Handmade - Jewelry,1,,381,$30.00 ,($4.50),V99CK1JD352S0JH1RN7RG88Y8C,3.56,88%,Female,18-25,FL
11/11/17,16:04:26,Handmade - Apothecary,2,,531,$30.00 ,($4.50),N55H0JCHJN428N7Z8T98XP32KR,3.56,88%,Female,56-64,NC
10/13/17,18:30:34,Handmade - Jewelry,1,,381,$30.00 ,$0.00 ,Y38TDM5A1H0W4VX0N3X5AW9VJG,3.56,88%,Male,64+,NC
10/12/17,19:59:24,Handmade - Jewelry,1,,381,$30.00 ,$0.00 ,1M6XB51RX53SPM6RC63XEG1CGG,3.56,88%,Male,56-64,GA
10/12/18,13:29:16,Antiques,1,,919,$29.00 ,($5.80),JJY0KHGKJS0KRKGA1B72KVKJG0,3.56,88%,Male,56-64,NC
9/18/18,14:12:00,Antiques,1,Regular,1359,$29.00 ,$0.00 ,7B94RT0BS5446R609EF4VK5WMM,3.56,88%,Male,64+,NC
8/28/18,17:18:05,Antiques,1,Regular,1589,$29.00 ,$0.00 ,C7KBMW3HDH0JJN5XGB4S3T0C9R,3.56,88%,Female,56-64,NC
7/19/18,16:19:02,Vintage Clothing,1,,224,$29.00 ,$0.00 ,GGRBWQVEF1176MWGBHCRNAJ6C0,3.56,88%,Male,56-64,NC
6/21/18,16:52:49,Vintage Clothing,1,Regular,1171,$29.00 ,$0.00 ,SPKCNG3ZSN3H4GKAME7SYHQYZ4,3.56,88%,Female,64+,NC
2/14/18,17:26:17,Vintage Clothing,1,,725,$29.00 ,$0.00 ,5YABFJS0XX4WRGNSBA2MR4X210,3.56,88%,Female,56-64,NC
1/20/18,15:05:43,Furniture,1,Regular,607,$29.00 ,$0.00 ,7HT5TTF8XH3EYM8Q44Y2KHQVS4,3.56,88%,Female,56-64,NC
12/16/17,13:01:15,Vintage Clothing,1,,237,$29.00 ,($4.35),3KJ6H3YNZX7BJZ1DWFW634HBRR,3.56,88%,Female,56-64,GA
10/12/18,19:40:28,Handmade - Jewelry,1,,394,$28.99 ,$0.00 ,8540H480P1308HZAGC050M12M8,3.56,88%,Female,56-64,NC
5/26/18,12:48:04,Handmade - Home,1,,445,$28.99 ,$0.00 ,9Q48REY9X1770TYPFSJQVQQ29M,3.56,88%,Female,64+,NC
5/19/18,13:06:07,Handmade - Pottery,1,Regular,146,$28.99 ,$0.00 ,FSRSKMFC993WCQCNXZVM2YHS84,3.56,88%,Male,56-64,FL
10/12/18,18:52:13,Handmade - Textiles,1,Regular,1039,$28.00 ,($4.20),PHRT6JMQ197YES5YQP5RJQ0JBR,3.56,87%,Female,56-64,NC
10/6/18,18:37:15,Vintage Clothing,1,Regular,1681,$28.00 ,$0.00 ,A4F04F01G916TS9RN3CFC7F4A4,3.56,87%,Male,56-64,GA
10/6/18,14:14:48,Antiques,1,Regular,1248,$28.00 ,($5.60),2CMRW4J0ZX376M2VAV8HTTEE18,3.56,87%,Male,56-64,FL
9/29/18,19:06:22,Vintage Clothing,1,Regular,1178,$28.00 ,$0.00 ,XDJJAN2FFH2KJK0A6GBHW7NGB0,3.56,87%,Male,64+,NC
9/29/18,16:50:06,Antiques,1,Regular,1333,$28.00 ,$0.00 ,0RPEC48T9D676T2KSVF5MBPRXW,3.56,87%,Female,56-64,FL
9/20/18,13:43:57,Antiques,1,Regular,1588,$28.00 ,$0.00 ,2ZCDXDZS0S7JYSZJV126BK1R18,3.56,87%,Male,56-64,NC
9/18/18,14:54:33,Furniture,1,Regular,1596,$28.00 ,$0.00 ,2BEDGZJC7N4N4ZK3B9WEA91PF8,3.56,87%,Female,64+,NC
9/18/18,13:00:01,Vintage Accessories,4,Regular,1620,$28.00 ,$0.00 ,7Q89DYAE6H29JPT8VKB0KFRJTW,3.56,87%,Female,56-64,FL
9/1/18,14:56:04,Handmade - Textiles,1,Regular,1038,$28.00 ,$0.00 ,FP7FS6P0MD2PCNSYPCTXK4N6Y4,3.56,87%,Female,56-64,GA
8/22/18,20:50:34,Handmade - Textiles,1,Regular,1039,$28.00 ,($2.80),", ZGV3RWANQS42ANYC53XGM9DPNR",3.56,87%,Female,56-64,NC
8/18/18,18:48:22,Handmade - Textiles,1,Regular,1038,$28.00 ,$0.00 ,BZQGE0BM6H5PPKG7CTASZBNVAR,3.56,87%,Female,64+,NC
8/10/18,14:22:40,Handmade - Textiles,1,Regular,1039,$28.00 ,$0.00 ,A2C5TMA2Q96EAK9XG039JPDJD4,3.56,87%,Female,56-64,VA
8/2/18,12:56:18,Vintage Clothing,1,,708,$28.00 ,$0.00 ,BBNHPHN4N5176G967GW111QDYG,3.56,87%,Female,64+,FL
7/28/18,15:39:02,Vintage Clothing,1,,1371,$28.00 ,$0.00 ,C8NVR159RD28EJ7DFQG44Z91MG,3.56,87%,Female,56-64,NC
7/26/18,13:57:02,Vintage Clothing,1,,1450,$28.00 ,$0.00 ,8A4HSC2CFN1KYMAHNKMQD7D57M,3.56,87%,Male,64+,NC
7/21/18,14:46:47,Handmade - Textiles,1,Regular,1038,$28.00 ,$0.00 ,FM9801NFNN230SDGQDY9170ENM,3.56,87%,Male,56-64,VA
7/21/18,13:38:16,Handmade - Textiles,1,Regular,1038,$28.00 ,($4.20),F1ECVVJWMX5ZPPF0FT9RMTV22W,3.56,87%,Male,56-64,GA
7/19/18,13:13:44,Handmade - Apothecary,2,,532,$28.00 ,$0.00 ,GE3Y2GS9W90SPS9QN3CG0E7QDR,3.56,87%,Male,64+,GA
7/14/18,12:59:48,Handmade - Apothecary,2,,532,$28.00 ,$0.00 ,0JBR31QSW92JGW5HSHH4EEPCF4,3.56,87%,Male,56-64,NC
7/6/18,14:19:48,None,1,,1088,$28.00 ,$0.00 ,GFWZQMTWVH4GWPBDP0Z8JFGC0R,3.56,87%,Male,64+,NC
7/3/18,13:24:24,Vintage Clothing,1,Regular,984,$28.00 ,$0.00 ,YRA83FFMM531MTPCB4QRNPWPTC,3.56,87%,Female,56-64,VA
6/29/18,12:57:28,Handmade - Textiles,1,Regular,1038,$28.00 ,$0.00 ,F5GT3JYWN521GY625QFN8HFPP8,3.56,87%,Female,64+,GA
6/23/18,16:07:56,Handmade - Textiles,1,Regular,1038,$28.00 ,$0.00 ,N7BDQ0F39D0T0MFWGTTYJQJQX0,3.56,87%,Male,64+,NC
6/22/18,17:29:59,Handmade - Textiles,1,Regular,1038,$28.00 ,$0.00 ,47VVHX45Z54XWVPXANAZ449CPC,3.56,87%,Male,56-64,SC
6/15/18,14:39:10,Handmade - Textiles,1,Regular,1039,$28.00 ,$0.00 ,MHYF89389N76PM0Z7Y0NHKAM0R,3.56,87%,Male,56-64,FL
6/14/18,14:35:40,Handmade - Textiles,1,Regular,1038,$28.00 ,$0.00 ,VY7QEEK0B1584MVD2X9EZCYT54,3.56,87%,Female,64+,FL
6/1/18,21:15:16,Handmade - Textiles,1,Regular,1039,$28.00 ,($2.80),3RTYSH5HKN7KAH0VFFX7BBKP94,3.56,87%,Female,64+,FL
6/1/18,18:31:55,Handmade - Textiles,1,Regular,1038,$28.00 ,($2.80),CP3VYYQMEN2KCJR3WV5AFN3M5C,3.56,87%,Female,56-64,SC
5/20/18,15:28:30,Handmade - Jewelry,1,Regular,890,$28.00 ,$0.00 ,VGN0BKZJ2D26EYR799YYRG2GJR,3.56,87%,Female,64+,VA
5/16/18,13:46:10,Handmade - Textiles,1,Regular,1038,$28.00 ,($4.20),FFSHBM8JT94NRRK1H1QEP107ER,3.56,87%,Male,56-64,GA
5/12/18,15:30:58,Handmade - Jewelry,2,,419,$28.00 ,($2.80),ZB2E5P2AN92N6QEXKCBY30F8R4,3.56,87%,Female,56-64,SC
5/2/18,16:53:04,Handmade - Textiles,1,Regular,1039,$28.00 ,$0.00 ,39YFBD22TS71MZ1R966B3B276C,3.56,87%,Male,56-64,VA
4/17/18,16:07:51,Handmade - Textiles,1,Regular,1039,$28.00 ,$0.00 ,HPP4V1PZA96YEV215WYG6J5WMM,3.56,87%,Female,56-64,SC
4/17/18,15:16:24,Handmade - Textiles,1,Regular,1038,$28.00 ,$0.00 ,QDNAHFW7717X2GYHDN8RWWWQZC,3.56,87%,Female,56-64,GA
4/17/18,15:12:37,Handmade - Textiles,1,Regular,1038,$28.00 ,$0.00 ,EBYPSC360N7R2TYPBZHAAPJ9M8,3.56,87%,Female,56-64,VA
4/13/18,13:26:50,Antiques,1,,928,$28.00 ,($4.20),T4N77QWC013AMXSMV1HKX5NZWW,3.56,87%,Female,56-64,SC
4/12/18,12:59:51,Handmade - Textiles,1,Regular,1038,$28.00 ,$0.00 ,KDSG3S1JDX7S4WQDCGF4FKKMV4,3.56,87%,Male,56-64,NC
4/12/18,12:57:43,Handmade - Textiles,1,Regular,1038,$28.00 ,$0.00 ,BRYRA99X2S4ZTPTJFTYA0XTG98,3.56,87%,Male,56-64,NC
4/11/18,12:57:46,Handmade - Textiles,1,Regular,1039,$28.00 ,$0.00 ,TG5BK1D5NS502M7FE2DBXNS4WC,3.56,87%,Male,64+,GA
4/6/18,20:51:31,Handmade - Textiles,1,Regular,1038,$28.00 ,($2.80),XXV8STWTPD28RPVAPXDYSH8DDG,3.56,87%,Female,56-64,NC
4/6/18,18:53:11,Handmade - Textiles,1,Regular,1038,$28.00 ,($2.80),2TEM37VJ8S2G0KHY57ZY1GJPJC,3.56,87%,Female,64+,VA
4/3/18,13:04:17,Handmade - Home,1,,439,$28.00 ,($5.60),F7NC8938XN6KMQ5DYPPW9TVW8W,3.56,87%,Female,56-64,NC
3/28/18,13:27:27,Handmade - Pottery,1,,390,$28.00 ,($5.60),JSVW15DZES7Y0PSTX126WJMQA0,3.56,87%,Female,56-64,SC
3/10/18,14:51:19,Handmade - Jewelry,1,Regular,887,$28.00 ,$0.00 ,G8SWKY5MB11NYJD4PF7MNCN28W,3.56,87%,Male,56-64,NC
3/5/18,10:23:20,Handmade - Artwork,1,Regular,760,$28.00 ,$0.00 ,67BMQXYTP56BGGE3Z86AFHDJ7C,3.56,87%,Female,56-64,TN
3/2/18,20:10:16,Custom Merchandise,2,Regular,533,$28.00 ,($2.80),N3MF3CMSMD1HTNDSRGEX5VVMAR,3.56,87%,Female,64+,VA
2/23/18,14:51:51,Handmade - Artwork,1,Regular,760,$28.00 ,$0.00 ,PXPQ15DRGN7NWGXX8R7DFQQ9X0,3.56,87%,Male,56-64,NC
2/8/18,16:03:50,Vintage Clothing,1,Regular,781,$28.00 ,($4.20),N51QB95J5N4N8Y4WTTT9X3N010,3.56,87%,Female,64+,VA
2/3/18,12:49:02,Handmade - Jewelry,1,Regular,890,$28.00 ,$0.00 ,HR8E27RFJ50NCVPDRRZB2E3K9M,3.56,87%,Female,56-64,NC
1/19/18,16:49:27,Handmade - Artwork,1,Regular,760,$28.00 ,$0.00 ,XMSACP7R2D0RTN105F16X0HM8C,3.56,87%,Female,56-64,SC
1/16/18,13:22:16,Handmade - Apothecary,2,,532,$28.00 ,($4.20),4BDMMG3VZH26GZKK6T7EWTGZEC,3.56,87%,Female,56-64,SC
1/13/18,13:04:19,Handmade - Artwork,1,Regular,760,$28.00 ,$0.00 ,6RS8TKVVE10VMYD4AB7H58YP4W,3.56,87%,Female,64+,SC
1/6/18,16:33:16,Handmade - Artwork,1,Regular,760,$28.00 ,$0.00 ,BSZE5FTH494R8ZQTBN4JM0DQY8,3.56,87%,Male,56-64,NC
1/6/18,12:38:09,Handmade - Artwork,1,Regular,760,$28.00 ,$0.00 ,53W804Q9JN05TNTMS6A27M2SGR,3.56,87%,Female,56-64,SC
12/26/17,17:04:57,Handmade - Apothecary,2,,532,$28.00 ,$0.00 ,PB8N9DB88N452H2W6VK0P31XC0,3.56,87%,Male,64+,SC
12/21/17,14:23:29,Custom Merchandise,2,Regular,533,$28.00 ,($4.20),B9MSR1JJEH3HYNYBDDDNVVQSBW,3.56,87%,Male,56-64,NC
12/16/17,15:19:21,Handmade - Artwork,1,Regular,760,$28.00 ,$0.00 ,6NK1N4B4914NPVFPD4RD13MEW8,3.56,87%,Male,64+,SC
12/14/17,13:27:52,Handmade - Artwork,1,Regular,760,$28.00 ,$0.00 ,DJKZFM47M14M4ZTG3BDGFJT52W,3.56,87%,Female,56-64,SC
12/13/17,12:03:30,Handmade - Artwork,1,Regular,760,$28.00 ,$0.00 ,W3KTREY1JD2J8TNK9KANB56SP8,3.56,87%,Female,64+,SC
12/6/17,15:13:50,Handmade - Apothecary,2,,523,$28.00 ,($4.20),7S2QXG782S71MKQGCWZ19CZSF8,3.56,87%,Female,56-64,NC
11/25/17,12:10:17,Handmade - Pottery,1,Regular,610,$28.00 ,($5.60),57P3Y92G0S380PJ6NBQS14ZHAR,3.56,87%,Female,56-64,NC
11/25/17,12:09:00,Handmade - Pottery,1,Regular,610,$28.00 ,($5.60),X9ZC3CQWA56JTHRYPWGX7NT55C,3.56,87%,Female,56-64,NC
11/24/17,16:09:54,Handmade - Home,1,,439,$28.00 ,($5.60),V5QRRJZF5N02JX7GWNWTT0NKYC,3.56,87%,Male,56-64,NC
11/24/17,14:08:10,Vintage Clothing,1,,219,$28.00 ,($5.60),GJWYZCTCAS0W1ENM7PX395XT5C,3.56,87%,Male,56-64,NC
11/18/17,18:05:02,Vintage Clothing,1,,168,$28.00 ,$0.00 ,GB8929GY990NTQ5SXSQ01ZJNKC,3.56,87%,Male,64+,SC
11/11/17,16:13:25,Vintage Clothing,1,,177,$28.00 ,$0.00 ,0B2VZ89559560GZT3W0RF4TGH0,3.56,87%,Male,56-64,NC
11/10/17,13:04:45,Vintage Clothing,1,,246,$28.00 ,$0.00 ,MQN3HPJB350G0JKHNN7HHY7JAM,3.56,87%,Female,64+,NC
10/28/17,12:56:50,Handmade - Home,1,,439,$28.00 ,$0.00 ,N3X69FR1JS7XYNMP0G5JE2NPSW,3.56,87%,Male,56-64,NC
10/20/17,17:17:44,Handmade - Pottery,1,,390,$28.00 ,$0.00 ,7E4DS59JT540AX0N86G0CG56B0,3.56,87%,Female,64+,NC
10/12/17,19:44:05,Handmade - Home,2,Regular,95,$28.00 ,$0.00 ,4RM5JTGRJD2CRJ8WBR1P7B4V7G,3.56,87%,Male,56-64,GA
9/1/18,15:22:36,Handmade - Jewelry,1,,634,$27.99 ,($5.60),YNC50CD41N3WYGZBB2Y38243XC,3.56,87%,Female,56-64,NC
6/29/18,17:17:37,Handmade - Pottery,1,,156,$27.99 ,($4.20),18KRWFE6XN5QPXA6AQK7Q35FS0,3.56,87%,Male,64+,NC
6/14/18,14:35:40,Handmade - Jewelry,1,,636,$27.99 ,$0.00 ,B90AM3Y0C9536G3BXVRJW9ZC7M,3.56,87%,Male,56-64,NC
5/16/18,12:21:10,Handmade - Textiles,1,,493,$27.99 ,$0.00 ,5ZC7DWASZX6VTYMJ322SVJREW8,3.56,87%,Female,56-64,NC
10/12/18,19:12:29,Vintage Clothing,1,Regular,784,$27.00 ,$0.00 ,6X1CSY12NH6RX48HVM990HDZZMWK4CHJ6RV38CG,3.56,87%,Female,56-64,NC
9/21/18,13:50:33,Vintage Clothing,1,,1617,$27.00 ,($4.05),P7HWTFCD9X0K2ZSG2NSVMEM7HR,3.56,87%,Female,64+,NC
7/21/18,14:46:47,Vintage Clothing,1,,1220,$27.00 ,$0.00 ,JWB3D5C7TH67JZ5GHWNMG8GJGR,3.56,87%,Female,64+,NC
7/6/18,14:19:48,Vintage Clothing,1,,223,$27.00 ,$0.00 ,B1RJK31WKD7KARZSAZ7QVZ3WTM,3.56,87%,Male,56-64,FL
6/23/18,18:31:49,Handmade - Jewelry,1,,380,$27.00 ,$0.00 ,PMDAYBAJKS16GNJN6XH87DCY80,3.56,87%,Male,56-64,NC
6/2/18,13:13:52,Vintage Clothing,1,Regular,1173,$27.00 ,$0.00 ,HZ21JAF47D20EJNNZB65ZWAJZG,3.56,87%,Male,64+,NC
5/11/18,18:45:47,Handmade - Jewelry,1,,380,$27.00 ,$0.00 ,0DVQ9WJP797YCTD8RKB3W1A4V0,3.56,87%,Female,56-64,FL
5/8/18,16:55:29,Handmade - Stationery,6,,379,$27.00 ,$0.00 ,GMH75GQZ6S50RRP8H1TJ8XGGZW,3.56,87%,Female,56-64,NC
5/8/18,15:14:11,Vintage Clothing,1,Regular,1174,$27.00 ,($4.05),7B74FVZQYX4W4PN0ZQ5JGE044W,3.56,87%,Female,56-64,NC
4/27/18,18:37:59,Antiques,1,Regular,1020,$27.00 ,$0.00 ,TPK8A9PY1X78RQTAAPHJBD7MBW,3.56,87%,Female,56-64,GA
4/14/18,15:41:32,Handmade - Jewelry,1,,380,$27.00 ,($2.70),WPPQ4AT2HX6TGSZFHAV7YBD4FG,3.56,87%,Female,56-64,GA
3/28/18,16:53:08,Handmade - Jewelry,1,,413,$27.00 ,($5.40),GZJFF8A4X5698SPGTYG3H0DSXW,3.56,87%,Male,56-64,VA
2/17/18,16:53:08,Vintage Clothing,1,,706,$27.00 ,($4.05),V9BWKKZYA571GQA825VMVS8BWW,3.56,87%,Female,56-64,NC
2/13/18,19:05:52,Handmade - Jewelry,1,,380,$27.00 ,($4.05),3X6270EHG11QRW1Y9NDGMSD3S0,3.56,87%,Male,56-64,GA
2/10/18,16:07:54,Vintage Clothing,1,,715,$27.00 ,$0.00 ,XPW1H7FEGS45YTX5XN5KTA1RRM,3.56,87%,Female,56-64,VA
2/10/18,16:06:28,Vintage Clothing,1,,715,$27.00 ,$0.00 ,1XPWKE2FSD17EY6D67ST1EP9GM,3.56,87%,Female,64+,NC
12/21/17,14:23:29,Handmade - Jewelry,1,,380,$27.00 ,($4.05),N82R2SW68X22EWW4ABWR5RN7K0,3.56,87%,Female,56-64,GA
12/20/17,13:52:25,Handmade - Jewelry,1,,413,$27.00 ,($4.05),27M7EQTNJX0BEPDBY25D888H24,3.56,87%,Female,56-64,GA
12/7/17,13:54:01,Vintage Accessories,1,,626,$27.00 ,$0.00 ,ED9FTJJ8EN7WRQFNJ7EKSZV84W,3.56,87%,Female,64+,FL
11/25/17,14:03:40,Vintage Clothing,1,,512,$27.00 ,($5.40),5XVHBN524H7EEJE8WGRC6XK670,3.56,87%,Female,56-64,VA
11/25/17,13:58:37,Vintage Clothing,1,,230,$27.00 ,($5.40),P6RQ5GHM657MGM73M6BD403MBG,3.56,87%,Female,64+,GA
10/20/17,17:45:40,Vintage Clothing,1,,221,$27.00 ,$0.00 ,8VXFATT9EX2RMX5DS9V3GVAEVR,3.56,87%,Male,56-64,SC
10/12/17,18:27:39,Handmade - Jewelry,1,,380,$27.00 ,$0.00 ,0A5C87YEQX0EAKEMT75Y7PMZPC,3.56,87%,Female,56-64,NC
9/22/18,15:44:34,Handmade - Textiles,1,,491,$26.99 ,($5.40),8SJPX4ERAD4RWHP4D9BPPVJXF4,3.56,87%,Male,56-64,VA
10/12/18,15:40:32,Vintage Clothing,1,Regular,1727,$26.00 ,$0.00 ,CD7NEC7XBH3FPWZZ98DRP34HF0,3.56,86%,Female,64+,VA
9/13/18,14:04:13,Handmade - Jewelry,1,Regular,1320,$26.00 ,$0.00 ,TRME0ADYJ5534M4NQ2MJMGRVPC,3.56,86%,Female,64+,GA
9/1/18,12:51:44,Handmade - Jewelry,1,Regular,1320,$26.00 ,$0.00 ,YADBEMFQ9N0PPMGGW6S7HT5F6C,3.56,86%,Male,56-64,TN
7/21/18,15:17:45,Vintage Clothing,1,Regular,1175,$26.00 ,$0.00 ,YXNRK3R85N5Q6Q4R83NP260940,3.56,86%,Female,56-64,NC
7/10/18,17:29:30,Vintage Clothing,1,,1270,$26.00 ,$0.00 ,7HWRMMWYW975PKSQCQ0GKEM1BR,3.56,86%,Female,64+,VA
7/4/18,16:39:04,Vintage Clothing,1,,1268,$26.00 ,$0.00 ,3VMEMJZKC92PYYD781DTN2FJ9W,3.56,86%,Female,56-64,TN
6/22/18,13:45:23,Vintage Clothing,1,Regular,1009,$26.00 ,($3.90),V5TDFJZYBD2P0Q3KSZDNHDT7BW,3.56,86%,Female,64+,SC
5/11/18,15:18:12,Handmade - Apothecary,1,,937,$26.00 ,$0.00 ,CCV503EM3D4AAPF0HEYNKP20Y0,3.56,86%,Male,64+,TN
4/28/18,15:23:06,Handmade - Apothecary,1,,937,$26.00 ,$0.00 ,AK3D2GXGND6HRWVCVC3J9REYGG,3.56,86%,Male,56-64,NC
4/18/18,16:37:41,None,1,,1085,$26.00 ,$0.00 ,JQN8N9D37D134JK4X4QD13THMC,3.56,86%,Male,56-64,SC
4/6/18,19:48:11,Antiques,1,,916,$26.00 ,($2.60),ARGDDWHMWX750VR8KNY4F6M82C,3.56,86%,Male,64+,SC
3/17/18,15:41:48,Vintage Clothing,1,,236,$26.00 ,$0.00 ,MN22SVY6ZS62WKMFTFZZXT9P1R,3.56,86%,Female,64+,NC
12/23/17,13:32:29,Vintage Clothing,1,,659,$26.00 ,($3.90),5HA87V6R3N4BJSHDVV1DNCK5J8,3.56,86%,Male,64+,SC
12/22/17,12:37:35,Antiques,1,,614,$26.00 ,($3.90),PC6A64W21X3XCH96S1VPHW4MDC,3.56,86%,Female,56-64,NC
12/16/17,14:24:27,Handmade - Home,1,Regular,761,$26.00 ,$0.00 ,VK2CQ3EQWS5KJP1P9W4YCJMA5W,3.56,86%,Male,56-64,NC
12/1/17,16:26:27,Vintage Accessories,2,,637,$26.00 ,($2.60),C74FEY6E4H53YJ5HNGY4MTE17R,3.56,86%,Male,64+,NC
11/10/17,13:04:45,Vintage Clothing,1,,248,$26.00 ,$0.00 ,4MMFMQY2R92V4NQM7GBWM978Q4,3.56,86%,Female,64+,NC
11/8/17,14:20:30,None,1,,552,$26.00 ,($3.90),7FBPHAQF9D73EJGQR05J7DK04C,3.56,86%,Female,64+,NC
10/28/17,14:51:01,Vintage Clothing,1,,178,$26.00 ,($2.60),FFSHBM8JT94NRRK1H1QEP107ER,3.56,86%,Male,56-64,GA
8/18/18,12:32:01,Handmade - Jewelry,1,,416,$25.99 ,($3.90),AX6N59NKYD6WZ78J96NYCD1870,3.56,86%,Male,36-45,SC
8/18/18,12:32:01,Handmade - Pottery,1,,360,$25.99 ,($3.90),AX6N59NKYD6WZ78J96NYCD1870,3.56,86%,Male,36-45,SC
8/4/18,18:46:26,Handmade - Pottery,1,Regular,15,$25.99 ,$0.00 ,BGADVGVPRX21AV8565F70HZE0R,3.56,86%,Female,36-45,NC
7/28/18,12:47:21,Antiques,1,,910,$25.99 ,$0.00 ,N55H0JCHJN428N7Z8T98XP32KR,3.56,86%,Female,56-64,NC
5/26/18,12:48:04,Handmade - Home,1,,444,$25.99 ,$0.00 ,Y38TDM5A1H0W4VX0N3X5AW9VJG,3.56,86%,Male,64+,NC
10/12/18,19:52:38,Handmade - Jewelry,1,Regular,1313,$25.00 ,($3.75),1M6XB51RX53SPM6RC63XEG1CGG,3.56,86%,Male,56-64,GA
10/12/18,19:14:07,Handmade - Jewelry,1,Regular,1314,$25.00 ,$0.00 ,JJY0KHGKJS0KRKGA1B72KVKJG0,3.56,86%,Male,56-64,NC
10/4/18,13:29:05,Vintage Clothing,1,,1231,$25.00 ,($3.75),7B94RT0BS5446R609EF4VK5WMM,3.56,86%,Male,64+,NC
10/2/18,16:28:17,Handmade - Jewelry,1,Regular,1313,$25.00 ,$0.00 ,C7KBMW3HDH0JJN5XGB4S3T0C9R,3.56,86%,Female,56-64,NC
10/2/18,16:28:17,Handmade - Jewelry,1,Regular,1313,$25.00 ,$0.00 ,GGRBWQVEF1176MWGBHCRNAJ6C0,3.56,86%,Male,56-64,NC
9/29/18,17:11:41,Handmade - Jewelry,1,Regular,1314,$25.00 ,($3.75),SPKCNG3ZSN3H4GKAME7SYHQYZ4,3.56,86%,Female,64+,NC
9/29/18,16:50:06,Handmade - Jewelry,1,Regular,1313,$25.00 ,$0.00 ,5YABFJS0XX4WRGNSBA2MR4X210,3.56,86%,Female,56-64,NC
9/29/18,15:45:45,Handmade - Jewelry,1,Regular,1313,$25.00 ,$0.00 ,7HT5TTF8XH3EYM8Q44Y2KHQVS4,3.56,86%,Female,56-64,NC
9/29/18,14:35:10,Handmade - Jewelry,1,Regular,1313,$25.00 ,$0.00 ,3KJ6H3YNZX7BJZ1DWFW634HBRR,3.56,86%,Female,56-64,GA
9/29/18,13:34:44,Handmade - Jewelry,1,Regular,1313,$25.00 ,$0.00 ,8540H480P1308HZAGC050M12M8,3.56,86%,Female,56-64,NC
9/29/18,12:47:11,Handmade - Artwork,1,,277,$25.00 ,($3.75),9Q48REY9X1770TYPFSJQVQQ29M,3.56,86%,Female,64+,NC
9/28/18,17:27:57,Handmade - Jewelry,1,Regular,1313,$25.00 ,$0.00 ,FSRSKMFC993WCQCNXZVM2YHS84,9.98,60%,Male,56-64,FL
9/28/18,14:09:29,Handmade - Jewelry,1,Regular,1313,$25.00 ,($3.75),PHRT6JMQ197YES5YQP5RJQ0JBR,9.98,60%,Female,56-64,NC
9/28/18,13:17:37,Handmade - Jewelry,1,Regular,1318,$25.00 ,$0.00 ,A4F04F01G916TS9RN3CFC7F4A4,9.98,60%,Male,56-64,GA
9/28/18,12:22:46,Handmade - Jewelry,1,Regular,1313,$25.00 ,$0.00 ,2CMRW4J0ZX376M2VAV8HTTEE18,9.98,60%,Male,56-64,FL
9/19/18,13:50:07,Handmade - Jewelry,1,Regular,1318,$25.00 ,$0.00 ,XDJJAN2FFH2KJK0A6GBHW7NGB0,9.98,60%,Male,64+,NC
9/8/18,15:02:17,Handmade - Jewelry,1,Regular,1313,$25.00 ,($2.50),0RPEC48T9D676T2KSVF5MBPRXW,9.98,60%,Female,56-64,FL
9/7/18,15:29:46,Handmade - Artwork,1,,277,$25.00 ,$0.00 ,2ZCDXDZS0S7JYSZJV126BK1R18,9.98,60%,Male,56-64,NC
9/5/18,14:07:36,Handmade - Jewelry,1,Regular,1313,$25.00 ,$0.00 ,2BEDGZJC7N4N4ZK3B9WEA91PF8,9.98,60%,Female,64+,NC
9/1/18,12:32:29,Handmade - Jewelry,1,Regular,1318,$25.00 ,$0.00 ,7Q89DYAE6H29JPT8VKB0KFRJTW,9.98,60%,Female,56-64,FL
8/25/18,16:50:15,Handmade - Jewelry,1,Regular,1313,$25.00 ,$0.00 ,FP7FS6P0MD2PCNSYPCTXK4N6Y4,9.98,60%,Female,56-64,GA
8/23/18,12:12:10,Handmade - Jewelry,1,Regular,1313,$25.00 ,($3.75),", ZGV3RWANQS42ANYC53XGM9DPNR",9.98,60%,Female,56-64,NC
8/22/18,19:39:38,Handmade - Jewelry,1,Regular,1313,$25.00 ,($3.75),BZQGE0BM6H5PPKG7CTASZBNVAR,9.98,60%,Female,64+,NC
7/28/18,15:05:50,None,1,,1137,$25.00 ,$0.00 ,A2C5TMA2Q96EAK9XG039JPDJD4,9.98,60%,Female,56-64,VA
7/27/18,12:33:50,Handmade - Jewelry,1,Regular,1313,$25.00 ,$0.00 ,BBNHPHN4N5176G967GW111QDYG,9.98,60%,Female,64+,FL
7/18/18,21:20:39,Vintage Clothing,1,,1386,$25.00 ,($2.50),C8NVR159RD28EJ7DFQG44Z91MG,9.98,60%,Female,56-64,NC
7/14/18,14:54:03,Handmade - Jewelry,1,Regular,1313,$25.00 ,$0.00 ,8A4HSC2CFN1KYMAHNKMQD7D57M,9.98,60%,Male,64+,NC
7/10/18,17:29:30,None,1,,1135,$25.00 ,$0.00 ,FM9801NFNN230SDGQDY9170ENM,9.98,60%,Male,56-64,VA
7/6/18,17:59:51,Handmade - Jewelry,1,Regular,1314,$25.00 ,($2.50),F1ECVVJWMX5ZPPF0FT9RMTV22W,9.98,60%,Male,56-64,GA
7/4/18,15:09:42,Handmade - Jewelry,1,Regular,1318,$25.00 ,$0.00 ,GE3Y2GS9W90SPS9QN3CG0E7QDR,9.98,60%,Male,64+,GA
7/4/18,14:41:46,Handmade - Jewelry,1,Regular,1313,$25.00 ,$0.00 ,0JBR31QSW92JGW5HSHH4EEPCF4,9.98,60%,Male,56-64,NC
7/4/18,14:15:15,Handmade - Jewelry,1,Regular,1313,$25.00 ,$0.00 ,GFWZQMTWVH4GWPBDP0Z8JFGC0R,9.98,60%,Male,64+,NC
7/4/18,14:01:56,Vintage Clothing,1,,209,$25.00 ,$0.00 ,YRA83FFMM531MTPCB4QRNPWPTC,9.98,60%,Female,56-64,VA
6/23/18,12:12:50,Handmade - Artwork,1,,277,$25.00 ,($2.50),F5GT3JYWN521GY625QFN8HFPP8,9.98,60%,Female,64+,GA
6/16/18,18:28:27,Handmade - Artwork,1,,277,$25.00 ,($3.75),N7BDQ0F39D0T0MFWGTTYJQJQX0,9.98,60%,Male,64+,NC
6/15/18,18:06:28,Handmade - Artwork,1,,277,$25.00 ,($3.75),47VVHX45Z54XWVPXANAZ449CPC,9.98,60%,Male,56-64,SC
6/8/18,12:14:22,Handmade - Stationery,5,,490,$25.00 ,$0.00 ,MHYF89389N76PM0Z7Y0NHKAM0R,9.98,60%,Male,56-64,FL
5/26/18,12:27:53,Handmade - Artwork,1,,277,$25.00 ,$0.00 ,VY7QEEK0B1584MVD2X9EZCYT54,9.98,60%,Female,64+,FL
5/12/18,18:56:35,Vintage Clothing,1,Regular,782,$25.00 ,$0.00 ,3RTYSH5HKN7KAH0VFFX7BBKP94,9.98,60%,Female,64+,FL
4/26/18,13:29:53,Vintage Clothing,1,,675,$25.00 ,$0.00 ,CP3VYYQMEN2KCJR3WV5AFN3M5C,9.98,60%,Female,56-64,SC
4/14/18,17:51:39,Handmade - Artwork,1,,277,$25.00 ,$0.00 ,VGN0BKZJ2D26EYR799YYRG2GJR,9.98,60%,Female,64+,VA
4/14/18,14:49:06,Vintage Clothing,1,Regular,1005,$25.00 ,($2.50),FFSHBM8JT94NRRK1H1QEP107ER,9.98,60%,Male,56-64,GA
3/31/18,18:29:46,Antiques,1,Regular,1035,$25.00 ,$0.00 ,ZB2E5P2AN92N6QEXKCBY30F8R4,9.98,60%,Female,56-64,SC
3/20/18,15:39:07,Vintage Clothing,1,Regular,866,$25.00 ,$0.00 ,39YFBD22TS71MZ1R966B3B276C,9.98,60%,Male,56-64,VA
3/10/18,14:04:44,Handmade - Artwork,1,,278,$25.00 ,$0.00 ,HPP4V1PZA96YEV215WYG6J5WMM,9.98,60%,Female,56-64,SC
3/9/18,13:14:51,Handmade - Artwork,1,,277,$25.00 ,($3.75),QDNAHFW7717X2GYHDN8RWWWQZC,9.98,60%,Female,56-64,GA
3/2/18,19:14:48,Handmade - Artwork,1,,496,$25.00 ,($2.50),EBYPSC360N7R2TYPBZHAAPJ9M8,9.98,60%,Female,56-64,VA
2/13/18,16:35:06,Handmade - Artwork,1,,277,$25.00 ,($3.75),T4N77QWC013AMXSMV1HKX5NZWW,9.98,60%,Female,56-64,SC
2/3/18,16:21:36,Handmade - Artwork,1,,278,$25.00 ,$0.00 ,KDSG3S1JDX7S4WQDCGF4FKKMV4,9.98,60%,Male,56-64,NC
1/4/18,16:41:40,Vintage Clothing,1,,592,$25.00 ,($3.75),BRYRA99X2S4ZTPTJFTYA0XTG98,9.98,60%,Male,56-64,NC
12/28/17,13:01:11,Handmade - Artwork,1,,501,$25.00 ,$0.00 ,TG5BK1D5NS502M7FE2DBXNS4WC,9.98,60%,Male,64+,GA
12/26/17,15:56:17,Handmade - Artwork,1,,275,$25.00 ,$0.00 ,XXV8STWTPD28RPVAPXDYSH8DDG,9.98,60%,Female,56-64,NC
12/24/17,13:36:09,Handmade - Artwork,1,,4,$25.00 ,($3.75),2TEM37VJ8S2G0KHY57ZY1GJPJC,9.98,60%,Female,64+,VA
12/22/17,18:18:48,Handmade - Artwork,1,,277,$25.00 ,($3.75),F7NC8938XN6KMQ5DYPPW9TVW8W,9.98,60%,Female,56-64,NC
12/2/17,16:48:57,Handmade - Artwork,1,,277,$25.00 ,$0.00 ,JSVW15DZES7Y0PSTX126WJMQA0,9.98,60%,Female,56-64,SC
12/1/17,20:26:14,Handmade - Artwork,1,,496,$25.00 ,($2.50),G8SWKY5MB11NYJD4PF7MNCN28W,9.98,60%,Male,56-64,NC
11/25/17,11:13:23,Handmade - Artwork,1,,4,$25.00 ,($5.00),67BMQXYTP56BGGE3Z86AFHDJ7C,9.98,60%,Female,56-64,TN
11/24/17,11:50:06,Handmade - Artwork,1,,496,$25.00 ,($5.00),N3MF3CMSMD1HTNDSRGEX5VVMAR,9.98,60%,Female,64+,VA
11/17/17,18:27:18,Handmade - Artwork,1,,277,$25.00 ,($3.75),PXPQ15DRGN7NWGXX8R7DFQQ9X0,9.98,60%,Male,56-64,NC
11/16/17,17:01:56,Handmade - Artwork,1,,277,$25.00 ,$0.00 ,N51QB95J5N4N8Y4WTTT9X3N010,9.98,60%,Female,64+,VA
11/11/17,17:19:14,Handmade - Artwork,1,,275,$25.00 ,$0.00 ,HR8E27RFJ50NCVPDRRZB2E3K9M,9.98,60%,Female,56-64,NC
11/11/17,17:19:14,Handmade - Artwork,1,,4,$25.00 ,$0.00 ,XMSACP7R2D0RTN105F16X0HM8C,9.98,60%,Female,56-64,SC
11/10/17,13:04:45,Vintage Clothing,1,,239,$25.00 ,$0.00 ,4BDMMG3VZH26GZKK6T7EWTGZEC,9.98,60%,Female,56-64,SC
11/8/17,13:45:58,Handmade - Artwork,1,,500,$25.00 ,$0.00 ,6RS8TKVVE10VMYD4AB7H58YP4W,9.98,60%,Female,64+,SC
10/31/17,16:19:41,Vintage Clothing,1,,211,$25.00 ,$0.00 ,BSZE5FTH494R8ZQTBN4JM0DQY8,9.98,60%,Male,56-64,NC
10/28/17,12:56:50,Handmade - Artwork,1,,277,$25.00 ,$0.00 ,53W804Q9JN05TNTMS6A27M2SGR,9.98,60%,Female,56-64,SC
10/27/17,16:53:53,Handmade - Artwork,1,,277,$25.00 ,$0.00 ,PB8N9DB88N452H2W6VK0P31XC0,9.98,60%,Male,64+,SC
4/11/18,12:57:46,Handmade - Jewelry,1,Regular,848,$24.99 ,$0.00 ,B9MSR1JJEH3HYNYBDDDNVVQSBW,9.98,60%,Male,56-64,NC
4/11/18,12:57:46,Handmade - Jewelry,1,,398,$24.99 ,$0.00 ,6NK1N4B4914NPVFPD4RD13MEW8,9.98,60%,Male,64+,SC
12/9/17,15:12:10,Handmade - Jewelry,1,,398,$24.99 ,$0.00 ,DJKZFM47M14M4ZTG3BDGFJT52W,9.98,60%,Female,56-64,SC
11/18/17,12:21:37,Handmade - Jewelry,1,,398,$24.99 ,$0.00 ,W3KTREY1JD2J8TNK9KANB56SP8,9.98,60%,Female,64+,SC
10/11/18,14:39:50,Handmade - Apothecary,1,Regular,1156,$24.00 ,$0.00 ,7S2QXG782S71MKQGCWZ19CZSF8,9.98,58%,Female,56-64,NC
9/21/18,19:11:43,Vintage Clothing,1,Regular,969,$24.00 ,($7.68),57P3Y92G0S380PJ6NBQS14ZHAR,9.98,58%,Female,56-64,NC
9/8/18,14:34:10,Handmade - Jewelry,2,gold/rose gold,418,$24.00 ,($2.40),X9ZC3CQWA56JTHRYPWGX7NT55C,9.98,58%,Female,56-64,NC
8/25/18,15:04:13,Vintage Accessories,1,,1232,$24.00 ,($4.80),V5QRRJZF5N02JX7GWNWTT0NKYC,9.98,58%,Male,56-64,NC
8/18/18,12:42:08,Antiques,1,Regular,1508,$24.00 ,($3.60),GJWYZCTCAS0W1ENM7PX395XT5C,9.98,58%,Male,56-64,NC
8/17/18,13:33:44,Vintage Clothing,1,,1433,$24.00 ,$0.00 ,GB8929GY990NTQ5SXSQ01ZJNKC,9.98,58%,Male,64+,SC
7/13/18,18:42:08,Vintage Clothing,1,,1388,$24.00 ,$0.00 ,0B2VZ89559560GZT3W0RF4TGH0,9.98,58%,Male,56-64,NC
7/11/18,17:17:32,Handmade - Jewelry,1,"short, gold/rose gold",406,$24.00 ,$0.00 ,MQN3HPJB350G0JKHNN7HHY7JAM,9.98,58%,Female,64+,NC
6/15/18,15:42:41,Handmade - Artwork,1,Regular,861,$24.00 ,($3.60),N3X69FR1JS7XYNMP0G5JE2NPSW,9.98,58%,Male,56-64,NC
5/9/18,17:20:32,Vintage Clothing,1,Regular,1168,$24.00 ,($3.60),7E4DS59JT540AX0N86G0CG56B0,9.98,58%,Female,64+,NC
4/6/18,19:48:11,Handmade - Stationery,2,,859,$24.00 ,($2.40),4RM5JTGRJD2CRJ8WBR1P7B4V7G,9.98,58%,Male,56-64,GA
3/24/18,12:13:00,Handmade - Pottery,1,,162,$24.00 ,($4.80),YNC50CD41N3WYGZBB2Y38243XC,9.98,58%,Female,56-64,NC
2/24/18,16:31:52,Handmade - Artwork,1,Regular,861,$24.00 ,$0.00 ,18KRWFE6XN5QPXA6AQK7Q35FS0,9.98,58%,Male,64+,NC
2/17/18,16:53:08,Vintage Clothing,1,Regular,478,$24.00 ,($3.60),B90AM3Y0C9536G3BXVRJW9ZC7M,9.98,58%,Male,56-64,NC
2/9/18,16:47:08,Handmade - Artwork,1,Regular,861,$24.00 ,$0.00 ,5ZC7DWASZX6VTYMJ322SVJREW8,9.98,58%,Female,56-64,NC
1/31/18,14:46:51,Vintage Clothing,1,Regular,873,$24.00 ,($3.60),6X1CSY12NH6RX48HVM990HDZZMWK4CHJ6RV38CG,9.98,58%,Female,56-64,NC
1/30/18,17:22:39,Vintage Clothing,1,,350,$24.00 ,$0.00 ,P7HWTFCD9X0K2ZSG2NSVMEM7HR,9.98,58%,Female,64+,NC
1/27/18,13:35:31,Handmade - Artwork,1,Regular,861,$24.00 ,($3.60),JWB3D5C7TH67JZ5GHWNMG8GJGR,9.98,58%,Female,64+,NC
1/24/18,15:35:19,Vintage Clothing,1,,671,$24.00 ,$0.00 ,B1RJK31WKD7KARZSAZ7QVZ3WTM,9.98,58%,Male,56-64,FL
1/24/18,15:35:19,Vintage Clothing,1,,220,$24.00 ,$0.00 ,PMDAYBAJKS16GNJN6XH87DCY80,9.98,58%,Male,56-64,NC
1/12/18,12:54:47,Antiques,1,,453,$24.00 ,$0.00 ,HZ21JAF47D20EJNNZB65ZWAJZG,9.98,58%,Male,64+,NC
1/10/18,12:01:14,Vintage Accessories,1,,292,$24.00 ,$0.00 ,0DVQ9WJP797YCTD8RKB3W1A4V0,9.98,58%,Female,56-64,FL
12/26/17,13:28:15,Handmade - Home,1,,442,$24.00 ,$0.00 ,GMH75GQZ6S50RRP8H1TJ8XGGZW,9.98,58%,Female,56-64,NC
12/21/17,16:24:12,Handmade - Pottery,1,,162,$24.00 ,($3.60),7B74FVZQYX4W4PN0ZQ5JGE044W,9.98,58%,Female,56-64,NC
12/16/17,14:18:39,Handmade - Home,1,,441,$24.00 ,$0.00 ,TPK8A9PY1X78RQTAAPHJBD7MBW,9.98,58%,Female,56-64,GA
12/2/17,16:53:16,Vintage Clothing,1,Regular,520,$24.00 ,($3.60),WPPQ4AT2HX6TGSZFHAV7YBD4FG,9.98,58%,Female,56-64,GA
12/1/17,20:27:39,Antiques,2,Regular,484,$24.00 ,($2.40),GZJFF8A4X5698SPGTYG3H0DSXW,9.98,58%,Male,56-64,VA
12/1/17,19:57:27,Antiques,8,,658,$24.00 ,($2.40),V9BWKKZYA571GQA825VMVS8BWW,9.98,58%,Female,56-64,NC
12/1/17,18:21:37,Handmade - Pottery,1,,162,$24.00 ,($2.40),3X6270EHG11QRW1Y9NDGMSD3S0,9.98,58%,Male,56-64,GA
10/17/17,16:06:30,Handmade - Pottery,1,,162,$24.00 ,$0.00 ,XPW1H7FEGS45YTX5XN5KTA1RRM,9.98,58%,Female,56-64,VA
10/13/17,15:38:49,Antiques,1,Regular,402,$24.00 ,$0.00 ,1XPWKE2FSD17EY6D67ST1EP9GM,9.98,58%,Female,64+,NC
10/12/17,20:23:40,Vintage Clothing,1,,307,$24.00 ,$0.00 ,N82R2SW68X22EWW4ABWR5RN7K0,9.98,58%,Female,56-64,GA
5/18/18,13:15:21,Handmade - Textiles,1,,499,$23.99 ,$0.00 ,27M7EQTNJX0BEPDBY25D888H24,9.98,58%,Female,56-64,GA
4/11/18,17:28:06,Handmade - Textiles,1,,499,$23.99 ,($3.60),ED9FTJJ8EN7WRQFNJ7EKSZV84W,9.98,58%,Female,64+,FL
4/7/18,13:11:42,Handmade - Pottery,1,,161,$23.99 ,$0.00 ,5XVHBN524H7EEJE8WGRC6XK670,9.98,58%,Female,56-64,VA
10/6/18,14:16:39,Handmade - Jewelry,1,Regular,1500,$23.00 ,$0.00 ,P6RQ5GHM657MGM73M6BD403MBG,9.98,57%,Female,64+,GA
10/5/18,19:32:00,Handmade - Jewelry,1,Regular,1710,$23.00 ,($2.30),8VXFATT9EX2RMX5DS9V3GVAEVR,9.98,57%,Male,56-64,SC
10/2/18,12:23:17,Handmade - Jewelry,1,Regular,1710,$23.00 ,($3.45),0A5C87YEQX0EAKEMT75Y7PMZPC,9.98,57%,Female,56-64,NC
9/29/18,18:27:19,Handmade - Jewelry,1,Regular,1710,$23.00 ,$0.00 ,8SJPX4ERAD4RWHP4D9BPPVJXF4,9.98,57%,Male,56-64,VA
9/29/18,14:16:53,Handmade - Jewelry,1,Regular,1710,$23.00 ,$0.00 ,CD7NEC7XBH3FPWZZ98DRP34HF0,9.98,57%,Female,64+,VA
9/28/18,13:18:55,Handmade - Jewelry,1,Regular,1710,$23.00 ,$0.00 ,TRME0ADYJ5534M4NQ2MJMGRVPC,9.98,57%,Female,64+,GA
9/28/18,13:17:37,Handmade - Jewelry,1,Regular,1710,$23.00 ,$0.00 ,YADBEMFQ9N0PPMGGW6S7HT5F6C,9.98,57%,Male,56-64,TN
9/27/18,16:10:48,Handmade - Jewelry,1,Regular,1710,$23.00 ,$0.00 ,YXNRK3R85N5Q6Q4R83NP260940,9.98,57%,Female,56-64,NC
8/18/18,14:42:59,Antiques,1,Regular,1523,$23.00 ,($2.30),7HWRMMWYW975PKSQCQ0GKEM1BR,9.98,57%,Female,64+,VA
8/14/18,13:03:02,Vintage Clothing,1,,1372,$23.00 ,($3.45),3VMEMJZKC92PYYD781DTN2FJ9W,9.98,57%,Female,56-64,TN
8/11/18,14:35:56,Furniture,1,Regular,1510,$23.00 ,($3.45),V5TDFJZYBD2P0Q3KSZDNHDT7BW,9.98,57%,Female,64+,SC
7/31/18,13:25:40,Vintage Clothing,1,Regular,988,$23.00 ,$0.00 ,CCV503EM3D4AAPF0HEYNKP20Y0,9.98,57%,Male,64+,TN
7/27/18,16:41:33,Vintage Clothing,1,,1434,$23.00 ,$0.00 ,AK3D2GXGND6HRWVCVC3J9REYGG,9.98,57%,Male,56-64,NC
7/21/18,19:03:09,None,1,Regular,1172,$23.00 ,$0.00 ,JQN8N9D37D134JK4X4QD13THMC,9.98,57%,Male,56-64,SC
7/11/18,14:56:45,Antiques,1,Regular,1350,$23.00 ,$0.00 ,ARGDDWHMWX750VR8KNY4F6M82C,9.98,57%,Male,64+,SC
7/7/18,14:15:32,Vintage Clothing,1,Regular,479,$23.00 ,$0.00 ,MN22SVY6ZS62WKMFTFZZXT9P1R,9.98,57%,Female,64+,NC
6/15/18,17:52:51,Handmade - Artwork,1,,853,$23.00 ,($3.45),5HA87V6R3N4BJSHDVV1DNCK5J8,9.98,57%,Male,64+,SC
3/31/18,17:30:03,Antiques,1,,946,$23.00 ,$0.00 ,PC6A64W21X3XCH96S1VPHW4MDC,9.98,57%,Female,56-64,NC
2/3/18,15:50:30,Antiques,1,Regular,836,$23.00 ,($3.45),VK2CQ3EQWS5KJP1P9W4YCJMA5W,9.98,57%,Male,56-64,NC
9/13/18,14:04:13,Handmade - Home,1,Sleepy Moons,1033,$22.99 ,($4.60),C74FEY6E4H53YJ5HNGY4MTE17R,9.98,57%,Male,64+,NC
8/14/18,13:14:46,Handmade - Jewelry,1,,423,$22.99 ,$0.00 ,4MMFMQY2R92V4NQM7GBWM978Q4,9.98,57%,Female,64+,NC
4/28/18,15:25:25,Handmade - Pottery,1,,197,$22.99 ,$0.00 ,7FBPHAQF9D73EJGQR05J7DK04C,9.98,57%,Female,64+,NC
4/6/18,12:59:19,Handmade - Candles,1,"""Campfire""",862,$22.99 ,$0.00 ,BRYRA99X2S4ZTPTJFTYA0XTG98,9.98,57%,Male,56-64,NC
3/14/18,16:39:34,Handmade - Candles,1,"""Autumn""",367,$22.99 ,$0.00 ,D6Q7X7REVX27ETBKW9TC90VDXW,9.98,57%,Female,18-25,SC
2/2/18,19:32:00,Handmade - Candles,1,"""Autumn""",367,$22.99 ,($2.30),N55H0JCHJN428N7Z8T98XP32KR,9.98,57%,Female,56-64,NC
2/1/18,13:41:15,Handmade - Candles,1,"""Autumn""",367,$22.99 ,$0.00 ,Y38TDM5A1H0W4VX0N3X5AW9VJG,9.98,57%,Male,64+,NC
10/12/18,19:12:29,Vintage Clothing,1,Regular,1743,$22.00 ,$0.00 ,1M6XB51RX53SPM6RC63XEG1CGG,9.98,55%,Male,56-64,GA
10/6/18,13:02:03,Vintage Clothing,1,,1370,$22.00 ,($3.30),JJY0KHGKJS0KRKGA1B72KVKJG0,9.98,55%,Male,56-64,NC
9/22/18,13:39:11,Vintage Clothing,1,,595,$22.00 ,$0.00 ,7B94RT0BS5446R609EF4VK5WMM,9.98,55%,Male,64+,NC
9/8/18,15:36:27,None,1,,1107,$22.00 ,($4.40),C7KBMW3HDH0JJN5XGB4S3T0C9R,9.98,55%,Female,56-64,NC
8/25/18,13:50:01,Vintage Clothing,1,,341,$22.00 ,$0.00 ,GGRBWQVEF1176MWGBHCRNAJ6C0,9.98,55%,Male,56-64,NC
8/22/18,20:55:36,Handmade - Stationery,1,Seeing Eye,1030,$22.00 ,($2.20),SPKCNG3ZSN3H4GKAME7SYHQYZ4,9.98,55%,Female,64+,NC
8/11/18,17:30:48,Vintage Clothing,1,,1442,$22.00 ,($3.30),5YABFJS0XX4WRGNSBA2MR4X210,9.98,55%,Female,56-64,NC
8/4/18,18:02:10,Handmade - Jewelry,1,Regular,1012,$22.00 ,($3.30),7HT5TTF8XH3EYM8Q44Y2KHQVS4,9.98,55%,Female,56-64,NC
7/7/18,12:41:02,Handmade - Jewelry,1,Regular,1012,$22.00 ,$0.00 ,3KJ6H3YNZX7BJZ1DWFW634HBRR,9.98,55%,Female,56-64,GA
6/16/18,12:59:44,Handmade - Stationery,1,Flower Power,1031,$22.00 ,($3.30),8540H480P1308HZAGC050M12M8,9.98,55%,Female,56-64,NC
6/14/18,13:09:00,Handmade - Stationery,1,Seeing Eye,1030,$22.00 ,$0.00 ,9Q48REY9X1770TYPFSJQVQQ29M,9.98,55%,Female,64+,NC
6/8/18,12:14:22,Handmade - Stationery,1,Visions,1029,$22.00 ,$0.00 ,FSRSKMFC993WCQCNXZVM2YHS84,9.98,55%,Male,56-64,FL
6/2/18,14:28:08,Handmade - Stationery,1,Flower Power,1031,$22.00 ,$0.00 ,PHRT6JMQ197YES5YQP5RJQ0JBR,9.98,55%,Female,56-64,NC
5/26/18,18:34:33,Vintage Clothing,1,,245,$22.00 ,($4.40),A4F04F01G916TS9RN3CFC7F4A4,9.98,55%,Male,56-64,GA
5/26/18,16:53:34,Vintage Clothing,1,,1228,$22.00 ,($4.40),2CMRW4J0ZX376M2VAV8HTTEE18,9.98,55%,Male,56-64,FL
5/26/18,12:26:10,Handmade - Stationery,1,Visions,1029,$22.00 ,$0.00 ,XDJJAN2FFH2KJK0A6GBHW7NGB0,9.98,55%,Male,64+,NC
5/18/18,12:37:53,Handmade - Jewelry,1,Regular,1012,$22.00 ,$0.00 ,0RPEC48T9D676T2KSVF5MBPRXW,9.98,55%,Female,56-64,FL
5/10/18,19:50:55,Vintage Clothing,1,,711,$22.00 ,($2.20),2ZCDXDZS0S7JYSZJV126BK1R18,9.98,55%,Male,56-64,NC
5/5/18,18:46:52,Handmade - Jewelry,1,Regular,1012,$22.00 ,$0.00 ,2BEDGZJC7N4N4ZK3B9WEA91PF8,9.98,55%,Female,64+,NC
5/4/18,20:03:13,Handmade - Stationery,1,Seeing Eye,1030,$22.00 ,($2.20),7Q89DYAE6H29JPT8VKB0KFRJTW,9.98,55%,Female,56-64,FL
5/3/18,15:09:20,Handmade - Jewelry,1,Regular,1012,$22.00 ,$0.00 ,FP7FS6P0MD2PCNSYPCTXK4N6Y4,9.98,55%,Female,56-64,GA
4/17/18,15:16:24,Handmade - Textiles,1,Regular,1040,$22.00 ,$0.00 ,", ZGV3RWANQS42ANYC53XGM9DPNR",9.98,55%,Female,56-64,NC
4/17/18,15:12:37,Handmade - Textiles,1,Regular,1040,$22.00 ,$0.00 ,BZQGE0BM6H5PPKG7CTASZBNVAR,9.98,55%,Female,64+,NC
4/12/18,20:16:27,Handmade - Stationery,1,Flower Power,1031,$22.00 ,($2.20),A2C5TMA2Q96EAK9XG039JPDJD4,9.98,55%,Female,56-64,VA
4/12/18,12:59:51,Handmade - Textiles,1,Regular,1040,$22.00 ,$0.00 ,BBNHPHN4N5176G967GW111QDYG,9.98,55%,Female,64+,FL
4/12/18,12:57:43,Handmade - Textiles,1,Regular,1040,$22.00 ,$0.00 ,C8NVR159RD28EJ7DFQG44Z91MG,9.98,55%,Female,56-64,NC
4/11/18,14:11:35,Handmade - Stationery,1,Visions,1029,$22.00 ,($3.30),8A4HSC2CFN1KYMAHNKMQD7D57M,9.98,55%,Male,64+,NC
4/7/18,18:08:05,Apothecary,1,Regular,832,$22.00 ,$0.00 ,FM9801NFNN230SDGQDY9170ENM,9.98,55%,Male,56-64,VA
4/3/18,13:04:17,Handmade - Home,1,,438,$22.00 ,($4.40),F1ECVVJWMX5ZPPF0FT9RMTV22W,9.98,55%,Male,56-64,GA
3/31/18,14:14:26,Vintage Clothing,1,Regular,968,$22.00 ,$0.00 ,GE3Y2GS9W90SPS9QN3CG0E7QDR,9.98,55%,Male,64+,GA
3/28/18,16:53:08,Handmade - Jewelry,1,Regular,1012,$22.00 ,$0.00 ,0JBR31QSW92JGW5HSHH4EEPCF4,9.98,55%,Male,56-64,NC
3/15/18,16:39:38,Handmade - Jewelry,1,Regular,1012,$22.00 ,$0.00 ,GFWZQMTWVH4GWPBDP0Z8JFGC0R,9.98,55%,Male,64+,NC
1/27/18,15:05:01,Antiques,1,Regular,791,$22.00 ,$0.00 ,YRA83FFMM531MTPCB4QRNPWPTC,9.98,55%,Female,56-64,VA
1/25/18,16:17:04,Antiques,1,Regular,79,$22.00 ,($3.30),F5GT3JYWN521GY625QFN8HFPP8,9.98,55%,Female,64+,GA
12/27/17,16:27:21,Antiques,1,Regular,464,$22.00 ,($3.30),N7BDQ0F39D0T0MFWGTTYJQJQX0,9.98,55%,Male,64+,NC
12/27/17,14:13:54,Antiques,1,Regular,464,$22.00 ,$0.00 ,47VVHX45Z54XWVPXANAZ449CPC,9.98,55%,Male,56-64,SC
11/25/17,13:02:54,Vintage Clothing,1,,176,$22.00 ,($4.40),MHYF89389N76PM0Z7Y0NHKAM0R,9.98,55%,Male,56-64,FL
11/18/17,12:25:02,Antiques,1,,454,$22.00 ,$0.00 ,VY7QEEK0B1584MVD2X9EZCYT54,9.98,55%,Female,64+,FL
11/4/17,16:26:51,Vintage Clothing,1,,352,$22.00 ,$0.00 ,3RTYSH5HKN7KAH0VFFX7BBKP94,9.98,55%,Female,64+,FL
10/13/17,20:08:27,Vintage Clothing,1,,214,$22.00 ,$0.00 ,CP3VYYQMEN2KCJR3WV5AFN3M5C,9.98,55%,Female,56-64,SC
10/12/18,13:29:16,Vintage Accessories,1,Regular,1296,$21.99 ,($4.40),VGN0BKZJ2D26EYR799YYRG2GJR,9.98,55%,Female,64+,VA
8/3/18,20:35:50,Handmade - Apothecary,1,,524,$21.99 ,($2.20),FFSHBM8JT94NRRK1H1QEP107ER,9.98,55%,Male,56-64,GA
7/6/18,15:20:56,Handmade - Textiles,1,,493,$21.99 ,$0.00 ,ZB2E5P2AN92N6QEXKCBY30F8R4,9.98,55%,Female,56-64,SC
10/2/18,13:29:28,Handmade - Artwork,7,long strand,1654,$21.00 ,$0.00 ,39YFBD22TS71MZ1R966B3B276C,9.98,52%,Male,56-64,VA
9/22/18,14:04:10,Antiques,3,,544,$21.00 ,($3.15),HPP4V1PZA96YEV215WYG6J5WMM,9.98,52%,Female,56-64,SC
8/31/18,13:59:24,Antiques,3,Regular,1048,$21.00 ,$0.00 ,QDNAHFW7717X2GYHDN8RWWWQZC,9.98,52%,Female,56-64,GA
8/18/18,14:59:53,Antiques,1,Regular,1355,$21.00 ,($2.10),EBYPSC360N7R2TYPBZHAAPJ9M8,9.98,52%,Female,56-64,VA
7/19/18,16:19:02,Vintage Clothing,1,,227,$21.00 ,$0.00 ,T4N77QWC013AMXSMV1HKX5NZWW,9.98,52%,Female,56-64,SC
7/6/18,14:19:48,Vintage Clothing,1,Regular,1006,$21.00 ,$0.00 ,KDSG3S1JDX7S4WQDCGF4FKKMV4,9.98,52%,Male,56-64,NC
5/31/18,13:35:35,Vintage Clothing,1,Regular,989,$21.00 ,$0.00 ,BRYRA99X2S4ZTPTJFTYA0XTG98,9.98,52%,Male,56-64,NC
5/26/18,12:26:10,Antiques,1,Regular,1166,$21.00 ,$0.00 ,TG5BK1D5NS502M7FE2DBXNS4WC,9.98,52%,Male,64+,GA
5/19/18,15:31:03,Antiques,1,Regular,1065,$21.00 ,$0.00 ,XXV8STWTPD28RPVAPXDYSH8DDG,9.98,52%,Female,56-64,NC
4/7/18,13:30:33,Handmade - Artwork,1,Regular,1041,$21.00 ,$0.00 ,2TEM37VJ8S2G0KHY57ZY1GJPJC,9.98,52%,Female,64+,VA
1/24/18,15:35:19,Vintage Clothing,1,,571,$21.00 ,$0.00 ,F7NC8938XN6KMQ5DYPPW9TVW8W,9.98,52%,Female,56-64,NC
12/1/17,19:26:51,Antiques,1,,655,$21.00 ,($2.10),JSVW15DZES7Y0PSTX126WJMQA0,9.98,52%,Female,56-64,SC
10/12/17,18:52:32,Antiques,1,,80,$21.00 ,$0.00 ,G8SWKY5MB11NYJD4PF7MNCN28W,9.98,52%,Male,56-64,NC
10/10/18,17:17:28,Handmade - Candles,1,Regular,1332,$20.00 ,$0.00 ,67BMQXYTP56BGGE3Z86AFHDJ7C,9.98,50%,Female,56-64,TN
10/9/18,17:11:46,Handmade - Artwork,1,never stop playing,1394,$20.00 ,$0.00 ,N3MF3CMSMD1HTNDSRGEX5VVMAR,9.98,50%,Female,64+,VA
10/6/18,16:27:03,Vintage Clothing,1,,314,$20.00 ,($4.00),PXPQ15DRGN7NWGXX8R7DFQQ9X0,9.98,50%,Male,56-64,NC
10/2/18,16:34:47,Handmade - Artwork,1,Regular,31,$20.00 ,$0.00 ,N51QB95J5N4N8Y4WTTT9X3N010,9.98,50%,Female,64+,VA
10/2/18,14:52:16,Handmade - Home,1,Regular,1342,$20.00 ,$0.00 ,HR8E27RFJ50NCVPDRRZB2E3K9M,9.98,50%,Female,56-64,NC
9/29/18,15:45:45,Handmade - Artwork,1,Regular,31,$20.00 ,$0.00 ,XMSACP7R2D0RTN105F16X0HM8C,9.98,50%,Female,56-64,SC
9/22/18,17:06:56,Handmade - Artwork,1,Regular,31,$20.00 ,($5.55),4BDMMG3VZH26GZKK6T7EWTGZEC,9.98,50%,Female,56-64,SC
9/22/18,14:22:35,Handmade - Artwork,1,Regular,31,$20.00 ,($3.00),6RS8TKVVE10VMYD4AB7H58YP4W,9.98,50%,Female,64+,SC
9/8/18,15:07:19,Antiques,1,Regular,466,$20.00 ,($2.00),BSZE5FTH494R8ZQTBN4JM0DQY8,9.98,50%,Male,56-64,NC
8/25/18,18:34:35,Handmade - Home,1,Regular,1342,$20.00 ,$0.00 ,53W804Q9JN05TNTMS6A27M2SGR,9.98,50%,Female,56-64,SC
8/25/18,13:50:01,Vintage Clothing,1,,1533,$20.00 ,$0.00 ,PB8N9DB88N452H2W6VK0P31XC0,9.98,50%,Male,64+,SC
8/24/18,16:45:17,Antiques,1,Regular,463,$20.00 ,$0.00 ,B9MSR1JJEH3HYNYBDDDNVVQSBW,9.98,50%,Male,56-64,NC
8/23/18,12:52:43,Handmade - Artwork,1,fern,1294,$20.00 ,$0.00 ,6NK1N4B4914NPVFPD4RD13MEW8,9.98,50%,Male,64+,SC
8/9/18,12:50:44,Handmade - Artwork,1,never stop growing,1393,$20.00 ,$0.00 ,DJKZFM47M14M4ZTG3BDGFJT52W,9.98,50%,Female,56-64,SC
8/4/18,12:43:10,Handmade - Stationery,2,,858,$20.00 ,$0.00 ,W3KTREY1JD2J8TNK9KANB56SP8,9.98,50%,Female,64+,SC
8/3/18,20:52:39,Handmade - Textiles,1,cream/teal,1119,$20.00 ,($2.00),7S2QXG782S71MKQGCWZ19CZSF8,9.98,50%,Female,56-64,NC
8/3/18,19:23:30,Vintage Clothing,1,,1460,$20.00 ,($2.00),57P3Y92G0S380PJ6NBQS14ZHAR,9.98,50%,Female,56-64,NC
7/28/18,15:05:50,Handmade - Artwork,1,"""For Ben""",797,$20.00 ,$0.00 ,X9ZC3CQWA56JTHRYPWGX7NT55C,9.98,50%,Female,56-64,NC
7/28/18,15:05:50,Handmade - Artwork,1,"""Daddy never was the Cadillac kind""",1059,$20.00 ,$0.00 ,V5QRRJZF5N02JX7GWNWTT0NKYC,9.98,50%,Male,56-64,NC
7/21/18,19:00:08,Vintage Clothing,1,,1230,$20.00 ,$0.00 ,GJWYZCTCAS0W1ENM7PX395XT5C,9.98,50%,Male,56-64,NC
7/13/18,17:08:13,Furniture,1,Regular,1397,$20.00 ,$0.00 ,GB8929GY990NTQ5SXSQ01ZJNKC,9.98,50%,Male,64+,SC
7/13/18,13:48:05,Vintage Clothing,1,,1217,$20.00 ,$0.00 ,0B2VZ89559560GZT3W0RF4TGH0,9.98,50%,Male,56-64,NC
7/12/18,14:03:48,Handmade - Artwork,1,never stop exploring,1295,$20.00 ,$0.00 ,MQN3HPJB350G0JKHNN7HHY7JAM,9.98,50%,Female,64+,NC
7/6/18,19:41:31,Handmade - Artwork,1,Regular,31,$20.00 ,($3.00),N3X69FR1JS7XYNMP0G5JE2NPSW,9.98,50%,Male,56-64,NC
6/29/18,12:59:46,Handmade - Artwork,1,"""Daddy never was the Cadillac kind""",1059,$20.00 ,($3.00),7E4DS59JT540AX0N86G0CG56B0,9.98,50%,Female,64+,NC
6/27/18,17:22:17,Handmade - Artwork,1,Regular,764,$20.00 ,$0.00 ,4RM5JTGRJD2CRJ8WBR1P7B4V7G,9.98,50%,Male,56-64,GA
6/23/18,13:51:30,Handmade - Artwork,1,"""The Sun""",1060,$20.00 ,$0.00 ,YNC50CD41N3WYGZBB2Y38243XC,9.98,50%,Female,56-64,NC
6/23/18,13:02:55,Handmade - Artwork,1,Regular,31,$20.00 ,$0.00 ,18KRWFE6XN5QPXA6AQK7Q35FS0,9.98,50%,Male,64+,NC
6/19/18,13:17:32,Handmade - Artwork,1,"""For Ben""",797,$20.00 ,$0.00 ,B90AM3Y0C9536G3BXVRJW9ZC7M,9.98,50%,Male,56-64,NC
6/16/18,13:03:44,Handmade - Artwork,1,,860,$20.00 ,($3.00),5ZC7DWASZX6VTYMJ322SVJREW8,9.98,50%,Female,56-64,NC
6/15/18,17:11:14,Handmade - Textiles,1,blue/plum,1120,$20.00 ,$0.00 ,6X1CSY12NH6RX48HVM990HDZZMWK4CHJ6RV38CG,9.98,50%,Female,56-64,NC
6/12/18,16:15:59,Found,2,Regular,1042,$20.00 ,$0.00 ,P7HWTFCD9X0K2ZSG2NSVMEM7HR,9.98,50%,Female,64+,NC
6/12/18,15:07:19,Handmade - Stationery,4,,490,$20.00 ,$0.00 ,JWB3D5C7TH67JZ5GHWNMG8GJGR,9.98,50%,Female,64+,NC
5/22/18,14:37:52,Vintage Clothing,1,Regular,1190,$20.00 ,$0.00 ,B1RJK31WKD7KARZSAZ7QVZ3WTM,9.98,50%,Male,56-64,FL
5/19/18,13:10:13,Handmade - Artwork,1,"""The Sun""",1060,$20.00 ,$0.00 ,PMDAYBAJKS16GNJN6XH87DCY80,9.98,50%,Male,56-64,NC
5/4/18,18:44:23,Handmade - Artwork,1,Regular,764,$20.00 ,($3.00),HZ21JAF47D20EJNNZB65ZWAJZG,9.98,50%,Male,64+,NC
4/25/18,16:33:08,Handmade - Artwork,1,Regular,764,$20.00 ,$0.00 ,0DVQ9WJP797YCTD8RKB3W1A4V0,9.98,50%,Female,56-64,FL
4/7/18,18:52:10,Handmade - Artwork,1,Regular,764,$20.00 ,$0.00 ,GMH75GQZ6S50RRP8H1TJ8XGGZW,9.98,50%,Female,56-64,NC
4/7/18,18:08:05,Antiques,1,,125,$20.00 ,$0.00 ,7B74FVZQYX4W4PN0ZQ5JGE044W,9.98,50%,Female,56-64,NC
4/3/18,17:07:42,Handmade - Artwork,1,,860,$20.00 ,$0.00 ,TPK8A9PY1X78RQTAAPHJBD7MBW,9.98,50%,Female,56-64,GA
3/31/18,18:47:17,Vintage Clothing,1,,678,$20.00 ,$0.00 ,WPPQ4AT2HX6TGSZFHAV7YBD4FG,9.98,50%,Female,56-64,GA
3/2/18,18:37:25,Handmade - Artwork,1,Regular,797,$20.00 ,($2.00),GZJFF8A4X5698SPGTYG3H0DSXW,9.98,50%,Male,56-64,VA
2/24/18,16:31:52,Handmade - Artwork,1,Regular,31,$20.00 ,$0.00 ,V9BWKKZYA571GQA825VMVS8BWW,9.98,50%,Female,56-64,NC
2/13/18,19:05:52,Handmade - Artwork,1,,860,$20.00 ,($3.00),3X6270EHG11QRW1Y9NDGMSD3S0,9.98,50%,Male,56-64,GA
2/2/18,21:06:48,Handmade - Artwork,1,,860,$20.00 ,($2.00),XPW1H7FEGS45YTX5XN5KTA1RRM,9.98,50%,Female,56-64,VA
1/27/18,14:19:01,None,1,,627,$20.00 ,$0.00 ,1XPWKE2FSD17EY6D67ST1EP9GM,9.98,50%,Female,64+,NC
12/22/17,16:21:15,Handmade - Artwork,1,,494,$20.00 ,($3.00),N82R2SW68X22EWW4ABWR5RN7K0,9.98,50%,Female,56-64,GA
12/22/17,12:40:55,Handmade - Artwork,1,Regular,764,$20.00 ,($3.00),27M7EQTNJX0BEPDBY25D888H24,9.98,50%,Female,56-64,GA
12/16/17,15:46:42,Handmade - Artwork,1,,276,$20.00 ,$0.00 ,ED9FTJJ8EN7WRQFNJ7EKSZV84W,9.98,50%,Female,64+,FL
12/16/17,13:01:15,Handmade - Artwork,1,Regular,764,$20.00 ,($3.00),5XVHBN524H7EEJE8WGRC6XK670,9.98,50%,Female,56-64,VA
11/24/17,12:39:16,Vintage Clothing,1,,510,$20.00 ,($4.00),P6RQ5GHM657MGM73M6BD403MBG,9.98,50%,Female,64+,GA
11/2/17,17:53:53,Handmade - Artwork,1,,494,$20.00 ,$0.00 ,8VXFATT9EX2RMX5DS9V3GVAEVR,9.98,50%,Male,56-64,SC
10/21/17,14:10:20,Handmade - Artwork,1,Regular,31,$20.00 ,$0.00 ,0A5C87YEQX0EAKEMT75Y7PMZPC,9.98,50%,Female,56-64,NC
6/6/18,13:49:23,Handmade - Jewelry,1,Regular,887,$19.99 ,$0.00 ,8SJPX4ERAD4RWHP4D9BPPVJXF4,9.98,50%,Male,56-64,VA
5/19/18,18:27:47,Handmade - Artwork,1,,4,$19.99 ,$0.00 ,CD7NEC7XBH3FPWZZ98DRP34HF0,9.98,50%,Female,64+,VA
5/19/18,13:06:07,Handmade - Candles,1,,14,$19.99 ,$0.00 ,TRME0ADYJ5534M4NQ2MJMGRVPC,9.98,50%,Female,64+,GA
5/10/18,12:13:04,Handmade - Pottery,1,,162,$19.99 ,$0.00 ,YADBEMFQ9N0PPMGGW6S7HT5F6C,9.98,50%,Male,56-64,TN
4/18/18,13:22:28,Handmade - Artwork,1,,4,$19.99 ,$0.00 ,YXNRK3R85N5Q6Q4R83NP260940,9.98,50%,Female,56-64,NC
4/14/18,17:02:41,Handmade - Pottery,1,,162,$19.99 ,($4.00),7HWRMMWYW975PKSQCQ0GKEM1BR,9.98,50%,Female,64+,VA
4/11/18,12:57:46,Handmade - Jewelry,1,,395,$19.99 ,$0.00 ,3VMEMJZKC92PYYD781DTN2FJ9W,9.98,50%,Female,56-64,TN
4/11/18,12:57:46,Handmade - Jewelry,1,,397,$19.99 ,$0.00 ,V5TDFJZYBD2P0Q3KSZDNHDT7BW,9.98,50%,Female,64+,SC
4/7/18,17:17:52,Handmade - Jewelry,1,Regular,846,$19.99 ,($3.00),CCV503EM3D4AAPF0HEYNKP20Y0,9.98,50%,Male,64+,TN
4/7/18,17:05:26,Handmade - Jewelry,1,Regular,844,$19.99 ,($3.00),AK3D2GXGND6HRWVCVC3J9REYGG,9.98,50%,Male,56-64,NC
4/6/18,18:11:33,Handmade - Jewelry,1,Regular,846,$19.99 ,($2.00),JQN8N9D37D134JK4X4QD13THMC,9.98,50%,Male,56-64,SC
4/3/18,16:47:00,Handmade - Pottery,1,,162,$19.99 ,$0.00 ,ARGDDWHMWX750VR8KNY4F6M82C,9.98,50%,Male,64+,SC
12/9/17,15:14:32,Handmade - Jewelry,1,,396,$19.99 ,$0.00 ,MN22SVY6ZS62WKMFTFZZXT9P1R,9.98,50%,Female,64+,NC
12/9/17,15:12:10,Handmade - Jewelry,1,,400,$19.99 ,$0.00 ,5HA87V6R3N4BJSHDVV1DNCK5J8,9.98,50%,Male,64+,SC
11/24/17,19:08:16,Handmade - Jewelry,1,,396,$19.99 ,($4.00),PC6A64W21X3XCH96S1VPHW4MDC,9.98,50%,Female,56-64,NC
11/18/17,16:36:33,Handmade - Jewelry,1,,400,$19.99 ,($3.00),VK2CQ3EQWS5KJP1P9W4YCJMA5W,9.98,50%,Male,56-64,NC
10/12/18,19:40:28,Handmade - Candles,1,Hearth,1723,$19.00 ,$0.00 ,C74FEY6E4H53YJ5HNGY4MTE17R,9.98,47%,Male,64+,NC
10/12/18,18:56:34,Handmade - Candles,1,Spanish Moss,1722,$19.00 ,$0.00 ,4MMFMQY2R92V4NQM7GBWM978Q4,9.98,47%,Female,64+,NC
10/12/18,18:53:13,Handmade - Candles,1,Walden Woods,1725,$19.00 ,($2.85),7FBPHAQF9D73EJGQR05J7DK04C,9.98,47%,Female,64+,NC
10/12/18,18:39:58,Handmade - Candles,1,Wildwood,766,$19.00 ,$0.00 ,6REFVR7EDX5GTVSMP6CBMSSDP8,9.98,47%,Female,26-35,SC
10/12/18,18:37:44,Handmade - Candles,1,Hearth,1723,$19.00 ,$0.00 ,N55H0JCHJN428N7Z8T98XP32KR,9.98,47%,Female,56-64,NC
10/12/18,15:40:32,Vintage Clothing,1,,1449,$19.00 ,$0.00 ,Y38TDM5A1H0W4VX0N3X5AW9VJG,9.98,47%,Male,64+,NC
10/11/18,12:38:59,Handmade - Candles,1,Walden Woods,1725,$19.00 ,$0.00 ,1M6XB51RX53SPM6RC63XEG1CGG,9.98,47%,Male,56-64,GA
10/10/18,15:54:09,Handmade - Candles,1,Walden Woods,1725,$19.00 ,$0.00 ,JJY0KHGKJS0KRKGA1B72KVKJG0,9.98,47%,Male,56-64,NC
10/10/18,15:54:09,Handmade - Candles,1,Hearth,1723,$19.00 ,$0.00 ,7B94RT0BS5446R609EF4VK5WMM,9.98,47%,Male,64+,NC
10/10/18,15:15:56,Handmade - Candles,1,Hearth,1723,$19.00 ,($2.85),C7KBMW3HDH0JJN5XGB4S3T0C9R,9.98,47%,Female,56-64,NC
10/9/18,16:44:25,Handmade - Candles,1,Spanish Moss,1722,$19.00 ,($2.85),GGRBWQVEF1176MWGBHCRNAJ6C0,9.98,47%,Male,56-64,NC
9/20/18,13:07:50,Handmade - Candles,1,Regular,766,$19.00 ,$0.00 ,SPKCNG3ZSN3H4GKAME7SYHQYZ4,9.98,47%,Female,64+,NC
9/13/18,14:02:27,Vintage Clothing,1,Regular,1481,$19.00 ,($2.85),5YABFJS0XX4WRGNSBA2MR4X210,9.98,47%,Female,56-64,NC
9/1/18,13:01:03,Antiques,1,,921,$19.00 ,$0.00 ,7HT5TTF8XH3EYM8Q44Y2KHQVS4,9.98,47%,Female,56-64,NC
9/1/18,12:32:29,Handmade - Textiles,1,Regular,1046,$19.00 ,($3.80),3KJ6H3YNZX7BJZ1DWFW634HBRR,9.98,47%,Female,56-64,GA
8/31/18,13:45:48,Handmade - Apothecary,1,Jar,941,$19.00 ,$0.00 ,8540H480P1308HZAGC050M12M8,9.98,47%,Female,56-64,NC
8/21/18,14:30:15,Antiques,1,,1548,$19.00 ,$0.00 ,9Q48REY9X1770TYPFSJQVQQ29M,9.98,47%,Female,64+,NC
8/14/18,16:34:27,Vintage Accessories,1,Regular,1515,$19.00 ,$0.00 ,FSRSKMFC993WCQCNXZVM2YHS84,9.98,47%,Male,56-64,FL
8/4/18,18:08:04,Antiques,1,Regular,803,$19.00 ,$0.00 ,PHRT6JMQ197YES5YQP5RJQ0JBR,9.98,47%,Female,56-64,NC
7/27/18,13:43:23,Vintage Clothing,1,,1454,$19.00 ,$0.00 ,A4F04F01G916TS9RN3CFC7F4A4,9.98,47%,Male,56-64,GA
7/24/18,13:36:27,Handmade - Candles,1,Regular,766,$19.00 ,$0.00 ,2CMRW4J0ZX376M2VAV8HTTEE18,9.98,47%,Male,56-64,FL
7/19/18,16:19:02,Vintage Clothing,1,,1379,$19.00 ,$0.00 ,XDJJAN2FFH2KJK0A6GBHW7NGB0,9.98,47%,Male,64+,NC
7/10/18,17:29:30,Vintage Clothing,1,,1366,$19.00 ,$0.00 ,0RPEC48T9D676T2KSVF5MBPRXW,9.98,47%,Female,56-64,FL
7/7/18,15:41:26,Vintage Clothing,1,,462,$19.00 ,($2.85),2ZCDXDZS0S7JYSZJV126BK1R18,9.98,47%,Male,56-64,NC
7/4/18,16:40:21,Antiques,1,,921,$19.00 ,$0.00 ,2BEDGZJC7N4N4ZK3B9WEA91PF8,9.98,47%,Female,64+,NC
5/26/18,14:05:41,Antiques,1,Regular,1245,$19.00 ,$0.00 ,7Q89DYAE6H29JPT8VKB0KFRJTW,9.98,47%,Female,56-64,FL
5/18/18,15:59:50,Vintage Clothing,1,Regular,975,$19.00 ,$0.00 ,FP7FS6P0MD2PCNSYPCTXK4N6Y4,9.98,47%,Female,56-64,GA
5/8/18,16:55:29,Handmade - Candles,1,Regular,766,$19.00 ,$0.00 ,", ZGV3RWANQS42ANYC53XGM9DPNR",9.98,47%,Female,56-64,NC
5/5/18,18:46:52,Handmade - Candles,1,Regular,766,$19.00 ,$0.00 ,BZQGE0BM6H5PPKG7CTASZBNVAR,9.98,47%,Female,64+,NC
5/5/18,18:46:52,Handmade - Candles,1,Regular,766,$19.00 ,$0.00 ,A2C5TMA2Q96EAK9XG039JPDJD4,9.98,47%,Female,56-64,VA
4/25/18,15:18:08,Handmade - Candles,1,Regular,766,$19.00 ,$0.00 ,BBNHPHN4N5176G967GW111QDYG,9.98,47%,Female,64+,FL
4/21/18,15:12:39,Handmade - Candles,1,Regular,766,$19.00 ,$0.00 ,C8NVR159RD28EJ7DFQG44Z91MG,9.98,47%,Female,56-64,NC
4/11/18,13:09:25,Handmade - Textiles,1,Regular,1046,$19.00 ,($2.85),8A4HSC2CFN1KYMAHNKMQD7D57M,9.98,47%,Male,64+,NC
4/6/18,20:19:02,Handmade - Candles,1,Regular,766,$19.00 ,($1.90),FM9801NFNN230SDGQDY9170ENM,9.98,47%,Male,56-64,VA
3/24/18,17:48:51,Handmade - Candles,1,Regular,766,$19.00 ,$0.00 ,F1ECVVJWMX5ZPPF0FT9RMTV22W,9.98,47%,Male,56-64,GA
3/24/18,14:35:25,Handmade - Candles,1,Regular,766,$19.00 ,$0.00 ,GE3Y2GS9W90SPS9QN3CG0E7QDR,9.98,47%,Male,64+,GA
3/17/18,15:57:15,Handmade - Candles,1,Regular,766,$19.00 ,$0.00 ,0JBR31QSW92JGW5HSHH4EEPCF4,9.98,47%,Male,56-64,NC
3/17/18,14:39:24,Handmade - Candles,1,Regular,766,$19.00 ,$0.00 ,GFWZQMTWVH4GWPBDP0Z8JFGC0R,9.98,47%,Male,64+,NC
3/8/18,15:36:30,Handmade - Candles,1,Regular,766,$19.00 ,$0.00 ,YRA83FFMM531MTPCB4QRNPWPTC,9.98,47%,Female,56-64,VA
3/8/18,15:27:41,Handmade - Apothecary,1,,941,$19.00 ,$0.00 ,F5GT3JYWN521GY625QFN8HFPP8,9.98,47%,Female,64+,GA
3/1/18,12:26:33,Handmade - Candles,1,Regular,766,$19.00 ,$0.00 ,N7BDQ0F39D0T0MFWGTTYJQJQX0,9.98,47%,Male,64+,NC
2/21/18,20:15:07,Handmade - Candles,1,Regular,766,$19.00 ,($1.90),47VVHX45Z54XWVPXANAZ449CPC,9.98,47%,Male,56-64,SC
2/21/18,13:25:04,Handmade - Candles,1,Regular,766,$19.00 ,$0.00 ,MHYF89389N76PM0Z7Y0NHKAM0R,9.98,47%,Male,56-64,FL
2/9/18,13:36:29,Antiques,1,,616,$19.00 ,$0.00 ,VY7QEEK0B1584MVD2X9EZCYT54,9.98,47%,Female,64+,FL
2/2/18,19:59:52,Vintage Clothing,1,,724,$19.00 ,($1.90),3RTYSH5HKN7KAH0VFFX7BBKP94,9.98,47%,Female,64+,FL
2/2/18,19:28:35,Handmade - Candles,1,Regular,766,$19.00 ,($1.90),CP3VYYQMEN2KCJR3WV5AFN3M5C,9.98,47%,Female,56-64,SC
1/19/18,16:56:59,Handmade - Candles,1,Regular,766,$19.00 ,$0.00 ,VGN0BKZJ2D26EYR799YYRG2GJR,9.98,47%,Female,64+,VA
1/13/18,16:43:48,Handmade - Candles,1,Regular,766,$19.00 ,$0.00 ,FFSHBM8JT94NRRK1H1QEP107ER,9.98,47%,Male,56-64,GA
1/12/18,12:46:08,Handmade - Candles,1,Regular,766,$19.00 ,$0.00 ,ZB2E5P2AN92N6QEXKCBY30F8R4,9.98,47%,Female,56-64,SC
1/6/18,16:05:46,Handmade - Candles,1,Regular,766,$19.00 ,$0.00 ,39YFBD22TS71MZ1R966B3B276C,9.98,47%,Male,56-64,VA
12/30/17,16:46:04,Handmade - Candles,1,Regular,766,$19.00 ,$0.00 ,HPP4V1PZA96YEV215WYG6J5WMM,9.98,47%,Female,56-64,SC
12/28/17,14:03:40,Handmade - Candles,1,Regular,766,$19.00 ,$0.00 ,QDNAHFW7717X2GYHDN8RWWWQZC,9.98,47%,Female,56-64,GA
12/24/17,12:49:49,Handmade - Candles,1,Regular,766,$19.00 ,($2.85),EBYPSC360N7R2TYPBZHAAPJ9M8,9.98,47%,Female,56-64,VA
12/23/17,14:26:51,Handmade - Candles,1,Regular,766,$19.00 ,($2.85),T4N77QWC013AMXSMV1HKX5NZWW,9.98,47%,Female,56-64,SC
12/22/17,15:52:00,Handmade - Candles,1,Regular,766,$19.00 ,($2.85),KDSG3S1JDX7S4WQDCGF4FKKMV4,9.98,47%,Male,56-64,NC
12/22/17,12:09:59,Handmade - Candles,1,Regular,766,$19.00 ,($2.85),BRYRA99X2S4ZTPTJFTYA0XTG98,9.98,47%,Male,56-64,NC
12/21/17,12:40:04,Vintage Clothing,1,,587,$19.00 ,($2.85),TG5BK1D5NS502M7FE2DBXNS4WC,9.98,47%,Male,64+,GA
11/10/17,18:45:20,Antiques,1,,541,$19.00 ,$0.00 ,XXV8STWTPD28RPVAPXDYSH8DDG,9.98,47%,Female,56-64,NC
10/11/18,16:42:07,Handmade - Stationery,1,"Monarch ""Thank You""",1026,$18.50 ,$0.00 ,2TEM37VJ8S2G0KHY57ZY1GJPJC,9.98,46%,Female,64+,VA
7/24/18,15:08:47,Handmade - Stationery,1,"Arches ""Thank You""",1027,$18.50 ,$0.00 ,F7NC8938XN6KMQ5DYPPW9TVW8W,9.98,46%,Female,56-64,NC
6/16/18,14:26:50,Handmade - Stationery,1,Feather,34,$18.50 ,($2.77),JSVW15DZES7Y0PSTX126WJMQA0,9.98,46%,Female,56-64,SC
5/8/18,16:55:29,Handmade - Stationery,1,"Monarch ""Thank You""",1026,$18.50 ,$0.00 ,G8SWKY5MB11NYJD4PF7MNCN28W,9.98,46%,Male,56-64,NC
4/7/18,13:30:33,Handmade - Stationery,1,"Arches ""Thank You""",1027,$18.50 ,$0.00 ,67BMQXYTP56BGGE3Z86AFHDJ7C,9.98,46%,Female,56-64,TN
11/18/17,14:07:37,Handmade - Artwork,1,,34,$18.50 ,$0.00 ,N3MF3CMSMD1HTNDSRGEX5VVMAR,9.98,46%,Female,64+,VA
10/12/18,19:19:00,Handmade - Candles,1,Regular,907,$18.00 ,($2.70),PXPQ15DRGN7NWGXX8R7DFQQ9X0,9.98,45%,Male,56-64,NC
10/11/18,14:39:50,Handmade - Candles,1,Autumn,1685,$18.00 ,$0.00 ,N51QB95J5N4N8Y4WTTT9X3N010,9.98,45%,Female,64+,VA
10/9/18,17:11:46,Handmade - Artwork,1,,57,$18.00 ,$0.00 ,HR8E27RFJ50NCVPDRRZB2E3K9M,9.98,45%,Female,56-64,NC
10/9/18,16:44:25,Handmade - Jewelry,1,Regular,1014,$18.00 ,($2.70),XMSACP7R2D0RTN105F16X0HM8C,9.98,45%,Female,56-64,SC
10/6/18,17:29:59,Handmade - Candles,1,Autumn,1685,$18.00 ,$0.00 ,4BDMMG3VZH26GZKK6T7EWTGZEC,9.98,45%,Female,56-64,SC
10/4/18,13:27:00,Vintage Clothing,1,,1606,$18.00 ,($2.70),6RS8TKVVE10VMYD4AB7H58YP4W,9.98,45%,Female,64+,SC
10/2/18,16:28:17,Handmade - Candles,1,Autumn,1685,$18.00 ,$0.00 ,BSZE5FTH494R8ZQTBN4JM0DQY8,9.98,45%,Male,56-64,NC
10/2/18,14:37:04,Handmade - Candles,1,Lookout,1686,$18.00 ,$0.00 ,53W804Q9JN05TNTMS6A27M2SGR,9.98,45%,Female,56-64,SC
9/29/18,17:11:41,Handmade - Artwork,1,,57,$18.00 ,$0.00 ,PB8N9DB88N452H2W6VK0P31XC0,9.98,45%,Male,64+,SC
9/29/18,17:11:41,Handmade - Candles,1,Autumn,1685,$18.00 ,$0.00 ,B9MSR1JJEH3HYNYBDDDNVVQSBW,9.98,45%,Male,56-64,NC
9/29/18,15:43:12,Handmade - Candles,1,Autumn,1685,$18.00 ,$0.00 ,6NK1N4B4914NPVFPD4RD13MEW8,9.98,45%,Male,64+,SC
9/28/18,15:29:21,Handmade - Jewelry,1,Regular,1015,$18.00 ,$0.00 ,DJKZFM47M14M4ZTG3BDGFJT52W,9.98,45%,Female,56-64,SC
9/27/18,16:58:09,Handmade - Artwork,1,,57,$18.00 ,$0.00 ,W3KTREY1JD2J8TNK9KANB56SP8,9.98,45%,Female,64+,SC
9/22/18,17:04:31,Handmade - Jewelry,1,Regular,1015,$18.00 ,$0.00 ,7S2QXG782S71MKQGCWZ19CZSF8,9.98,45%,Female,56-64,NC
9/22/18,14:38:33,Handmade - Jewelry,1,Regular,1015,$18.00 ,$0.00 ,57P3Y92G0S380PJ6NBQS14ZHAR,9.98,45%,Female,56-64,NC
9/22/18,14:38:33,Handmade - Jewelry,1,Regular,1014,$18.00 ,$0.00 ,X9ZC3CQWA56JTHRYPWGX7NT55C,9.98,45%,Female,56-64,NC
9/22/18,12:32:33,Handmade - Artwork,1,,57,$18.00 ,($2.70),V5QRRJZF5N02JX7GWNWTT0NKYC,9.98,45%,Male,56-64,NC
9/20/18,14:51:30,Handmade - Jewelry,1,Regular,1015,$18.00 ,($2.70),GJWYZCTCAS0W1ENM7PX395XT5C,9.98,45%,Male,56-64,NC
9/18/18,15:26:29,Handmade - Stationery,3,Regular,1631,$18.00 ,($2.70),GB8929GY990NTQ5SXSQ01ZJNKC,9.98,45%,Male,64+,SC
9/18/18,13:26:04,Handmade - Jewelry,1,Regular,1014,$18.00 ,$0.00 ,0B2VZ89559560GZT3W0RF4TGH0,9.98,45%,Male,56-64,NC
9/13/18,12:17:11,Handmade - Apothecary,1,Regular,1243,$18.00 ,$0.00 ,MQN3HPJB350G0JKHNN7HHY7JAM,9.98,45%,Female,64+,NC
8/29/18,13:53:17,Vintage Clothing,1,Regular,1604,$18.00 ,$0.00 ,N3X69FR1JS7XYNMP0G5JE2NPSW,9.98,45%,Male,56-64,NC
8/28/18,13:24:15,Handmade - Artwork,1,,57,$18.00 ,$0.00 ,7E4DS59JT540AX0N86G0CG56B0,9.98,45%,Female,64+,NC
8/25/18,18:11:54,Handmade - Candles,1,Regular,907,$18.00 ,$0.00 ,4RM5JTGRJD2CRJ8WBR1P7B4V7G,9.98,45%,Male,56-64,GA
8/25/18,15:26:26,Handmade - Artwork,1,Regular,792,$18.00 ,$0.00 ,YNC50CD41N3WYGZBB2Y38243XC,9.98,45%,Female,56-64,NC
8/25/18,13:50:01,Vintage Clothing,1,Regular,777,$18.00 ,$0.00 ,18KRWFE6XN5QPXA6AQK7Q35FS0,9.98,45%,Male,64+,NC
8/23/18,12:52:43,Handmade - Artwork,1,,57,$18.00 ,$0.00 ,B90AM3Y0C9536G3BXVRJW9ZC7M,9.98,45%,Male,56-64,NC
8/18/18,18:49:29,Handmade - Candles,1,Regular,907,$18.00 ,$0.00 ,5ZC7DWASZX6VTYMJ322SVJREW8,9.98,45%,Female,56-64,NC
8/18/18,17:20:45,Handmade - Stationery,1,Regular,1192,$18.00 ,$0.00 ,6X1CSY12NH6RX48HVM990HDZZMWK4CHJ6RV38CG,9.98,45%,Female,56-64,NC
8/18/18,17:00:55,Antiques,1,,1550,$18.00 ,$0.00 ,P7HWTFCD9X0K2ZSG2NSVMEM7HR,9.98,45%,Female,64+,NC
8/18/18,12:36:48,Handmade - Stationery,1,Regular,1192,$18.00 ,($2.70),JWB3D5C7TH67JZ5GHWNMG8GJGR,9.98,45%,Female,64+,NC
8/18/18,12:32:01,Handmade - Jewelry,1,gold,404,$18.00 ,($2.70),B1RJK31WKD7KARZSAZ7QVZ3WTM,9.98,45%,Male,56-64,FL
8/4/18,12:43:10,Handmade - Jewelry,1,gold,404,$18.00 ,$0.00 ,PMDAYBAJKS16GNJN6XH87DCY80,9.98,45%,Male,56-64,NC
8/3/18,19:05:37,Vintage Accessories,1,,98,$18.00 ,($1.80),HZ21JAF47D20EJNNZB65ZWAJZG,9.98,45%,Male,64+,NC
7/28/18,14:47:30,Handmade - Artwork,1,,57,$18.00 ,$0.00 ,0DVQ9WJP797YCTD8RKB3W1A4V0,9.98,45%,Female,56-64,FL
7/27/18,14:41:51,Handmade - Artwork,1,,57,$18.00 ,($2.70),GMH75GQZ6S50RRP8H1TJ8XGGZW,9.98,45%,Female,56-64,NC
7/21/18,14:24:41,Vintage Clothing,1,Regular,965,$18.00 ,$0.00 ,7B74FVZQYX4W4PN0ZQ5JGE044W,9.98,45%,Female,56-64,NC
7/13/18,17:14:09,Handmade - Artwork,1,,57,$18.00 ,$0.00 ,TPK8A9PY1X78RQTAAPHJBD7MBW,9.98,45%,Female,56-64,GA
7/12/18,16:25:00,Vintage Accessories,1,,153,$18.00 ,$0.00 ,WPPQ4AT2HX6TGSZFHAV7YBD4FG,9.98,45%,Female,56-64,GA
7/5/18,13:45:14,Handmade - Apothecary,1,Regular,1201,$18.00 ,$0.00 ,GZJFF8A4X5698SPGTYG3H0DSXW,9.98,45%,Male,56-64,VA
7/4/18,16:52:47,Handmade - Apothecary,1,Regular,1243,$18.00 ,$0.00 ,V9BWKKZYA571GQA825VMVS8BWW,9.98,45%,Female,56-64,NC
7/4/18,16:10:09,Handmade - Artwork,1,,57,$18.00 ,$0.00 ,3X6270EHG11QRW1Y9NDGMSD3S0,9.98,45%,Male,56-64,GA
7/4/18,14:59:53,Handmade - Artwork,1,Regular,792,$18.00 ,$0.00 ,XPW1H7FEGS45YTX5XN5KTA1RRM,9.98,45%,Female,56-64,VA
7/3/18,14:01:42,Vintage Clothing,1,,312,$18.00 ,$0.00 ,1XPWKE2FSD17EY6D67ST1EP9GM,9.98,45%,Female,64+,NC
7/3/18,14:01:42,Handmade - Candles,1,Regular,907,$18.00 ,$0.00 ,N82R2SW68X22EWW4ABWR5RN7K0,9.98,45%,Female,56-64,GA
6/30/18,13:19:39,Antiques,1,,1289,$18.00 ,$0.00 ,27M7EQTNJX0BEPDBY25D888H24,9.98,45%,Female,56-64,GA
6/29/18,12:59:46,Handmade - Artwork,1,Regular,792,$18.00 ,($2.70),ED9FTJJ8EN7WRQFNJ7EKSZV84W,9.98,45%,Female,64+,FL
6/29/18,12:57:28,Handmade - Artwork,1,,57,$18.00 ,$0.00 ,5XVHBN524H7EEJE8WGRC6XK670,9.98,45%,Female,56-64,VA
6/28/18,13:19:19,Vintage Clothing,1,Regular,778,$18.00 ,$0.00 ,P6RQ5GHM657MGM73M6BD403MBG,9.98,45%,Female,64+,GA
6/27/18,17:23:02,Handmade - Artwork,1,,57,$18.00 ,$0.00 ,8VXFATT9EX2RMX5DS9V3GVAEVR,9.98,45%,Male,56-64,SC
6/27/18,17:22:17,Handmade - Artwork,1,,57,$18.00 ,$0.00 ,0A5C87YEQX0EAKEMT75Y7PMZPC,9.98,45%,Female,56-64,NC
6/27/18,16:47:37,Vintage Clothing,1,,328,$18.00 ,($2.70),8SJPX4ERAD4RWHP4D9BPPVJXF4,9.98,45%,Male,56-64,VA
6/23/18,13:40:28,Handmade - Apothecary,1,Regular,1243,$18.00 ,$0.00 ,CD7NEC7XBH3FPWZZ98DRP34HF0,9.98,45%,Female,64+,VA
6/14/18,14:35:40,Handmade - Apothecary,1,Regular,1243,$18.00 ,$0.00 ,TRME0ADYJ5534M4NQ2MJMGRVPC,9.98,45%,Female,64+,GA
6/7/18,12:46:25,Handmade - Artwork,1,,57,$18.00 ,($2.70),YADBEMFQ9N0PPMGGW6S7HT5F6C,9.98,45%,Male,56-64,TN
5/31/18,13:35:35,Vintage Clothing,1,Regular,979,$18.00 ,$0.00 ,YXNRK3R85N5Q6Q4R83NP260940,9.98,45%,Female,56-64,NC
5/26/18,15:01:48,Handmade - Stationery,1,Regular,1192,$18.00 ,$0.00 ,7HWRMMWYW975PKSQCQ0GKEM1BR,9.98,45%,Female,64+,VA
5/16/18,13:46:10,Handmade - Artwork,1,Regular,792,$18.00 ,($2.70),3VMEMJZKC92PYYD781DTN2FJ9W,9.98,45%,Female,56-64,TN
5/5/18,18:42:18,Antiques,4,Regular,1116,$18.00 ,$0.00 ,V5TDFJZYBD2P0Q3KSZDNHDT7BW,9.98,45%,Female,64+,SC
4/28/18,16:05:22,Handmade - Candles,1,Regular,907,$18.00 ,($2.70),CCV503EM3D4AAPF0HEYNKP20Y0,9.98,45%,Male,64+,TN
4/28/18,14:46:07,Handmade - Artwork,1,,57,$18.00 ,$0.00 ,AK3D2GXGND6HRWVCVC3J9REYGG,9.98,45%,Male,56-64,NC
4/21/18,15:22:05,Handmade - Jewelry,1,,409,$18.00 ,$0.00 ,JQN8N9D37D134JK4X4QD13THMC,9.98,45%,Male,56-64,SC
4/14/18,16:31:32,Handmade - Artwork,1,Regular,792,$18.00 ,($1.80),ARGDDWHMWX750VR8KNY4F6M82C,9.98,45%,Male,64+,SC
4/11/18,12:57:46,Handmade - Artwork,1,Regular,792,$18.00 ,$0.00 ,MN22SVY6ZS62WKMFTFZZXT9P1R,9.98,45%,Female,64+,NC
4/7/18,18:08:05,Apothecary,1,Regular,825,$18.00 ,$0.00 ,5HA87V6R3N4BJSHDVV1DNCK5J8,9.98,45%,Male,64+,SC
4/7/18,18:08:05,Apothecary,1,Regular,831,$18.00 ,$0.00 ,PC6A64W21X3XCH96S1VPHW4MDC,9.98,45%,Female,56-64,NC
4/6/18,19:45:15,Vintage Clothing,1,,676,$18.00 ,($1.80),VK2CQ3EQWS5KJP1P9W4YCJMA5W,9.98,45%,Male,56-64,NC
3/31/18,16:35:05,Handmade - Candles,1,,489,$18.00 ,($3.60),C74FEY6E4H53YJ5HNGY4MTE17R,9.98,45%,Male,64+,NC
3/31/18,13:58:51,Handmade - Apothecary,1,,525,$18.00 ,($3.60),4MMFMQY2R92V4NQM7GBWM978Q4,9.98,45%,Female,64+,NC
3/31/18,13:49:30,Handmade - Artwork,1,Regular,792,$18.00 ,$0.00 ,7FBPHAQF9D73EJGQR05J7DK04C,9.98,45%,Female,64+,NC
3/31/18,13:03:00,Handmade - Candles,1,,489,$18.00 ,($3.60),377795AVE90CJXG4926B3GZBTR,9.98,45%,Female,46-55,NC
3/30/18,14:53:07,Handmade - Artwork,1,,57,$18.00 ,$0.00 ,B9MSR1JJEH3HYNYBDDDNVVQSBW,9.98,45%,Male,56-64,NC
3/30/18,12:38:20,Handmade - Candles,1,,489,$18.00 ,($3.60),6NK1N4B4914NPVFPD4RD13MEW8,9.98,45%,Male,64+,SC
3/22/18,16:19:57,Handmade - Candles,1,Regular,907,$18.00 ,$0.00 ,D8Z9T2G2HD2HYTG190NTW3GTEC,9.98,45%,Female,18-25,SC
3/17/18,18:37:26,Handmade - Artwork,1,,57,$18.00 ,$0.00 ,42E29BEQ3X3XCH7GCEA3X34FXC,9.98,45%,Female,26-35,SC
3/7/18,16:12:08,Handmade - Jewelry,1,,409,$18.00 ,$0.00 ,6RJWA5J2CD0D8JDE4B94R4FJCR,9.98,45%,Female,18-25,NC
2/27/18,15:52:22,Handmade - Candles,1,Regular,907,$18.00 ,$0.00 ,72S0ZJJ6FX3CRWB7GDF2J9VK64,9.98,45%,Male,18-25,NC
2/10/18,15:52:00,None,1,,857,$18.00 ,$0.00 ,7B94RT0BS5446R609EF4VK5WMM,9.98,45%,Male,64+,NC
2/10/18,15:50:50,Handmade - Artwork,1,Regular,792,$18.00 ,$0.00 ,JEGCZZ2MJD6WTY02BMZJ8VKR34,9.98,45%,Male,26-35,GA
2/3/18,18:13:12,Handmade - Candles,1,,489,$18.00 ,$0.00 ,4VGX7828E568MQE5KAYPESYHDW,9.98,45%,Male,26-35,GA
2/2/18,19:28:35,Handmade - Candles,1,,489,$18.00 ,($1.80),3EFH5V6D51634SNSFQQBFDQ18G,9.98,45%,Female,18-25,TN
1/31/18,15:36:54,None,1,,857,$18.00 ,$0.00 ,N55H0JCHJN428N7Z8T98XP32KR,9.98,45%,Female,56-64,NC
1/20/18,15:45:21,Handmade - Apothecary,1,,525,$18.00 ,$0.00 ,Y38TDM5A1H0W4VX0N3X5AW9VJG,9.98,45%,Male,64+,NC
1/19/18,18:42:27,Handmade - Apothecary,1,,525,$18.00 ,$0.00 ,1M6XB51RX53SPM6RC63XEG1CGG,9.98,45%,Male,56-64,GA
1/12/18,16:13:35,Handmade - Candles,1,,489,$18.00 ,($2.70),JJY0KHGKJS0KRKGA1B72KVKJG0,9.98,45%,Male,56-64,NC
1/2/18,14:54:17,Handmade - Candles,1,,489,$18.00 ,($2.70),7B94RT0BS5446R609EF4VK5WMM,9.98,45%,Male,64+,NC
12/26/17,15:57:47,Handmade - Candles,1,,489,$18.00 ,$0.00 ,C7KBMW3HDH0JJN5XGB4S3T0C9R,9.98,45%,Female,56-64,NC
12/26/17,14:03:00,Handmade - Candles,1,,489,$18.00 ,($2.70),GGRBWQVEF1176MWGBHCRNAJ6C0,9.98,45%,Male,56-64,NC
12/23/17,12:36:08,Handmade - Jewelry,1,,409,$18.00 ,($2.70),SPKCNG3ZSN3H4GKAME7SYHQYZ4,9.98,45%,Female,64+,NC
12/22/17,18:06:01,Handmade - Candles,1,,489,$18.00 ,($2.70),5YABFJS0XX4WRGNSBA2MR4X210,9.98,45%,Female,56-64,NC
12/22/17,15:14:47,Handmade - Candles,1,,489,$18.00 ,($2.70),7HT5TTF8XH3EYM8Q44Y2KHQVS4,9.98,45%,Female,56-64,NC
12/22/17,14:18:44,Handmade - Candles,1,,489,$18.00 ,($2.70),3KJ6H3YNZX7BJZ1DWFW634HBRR,9.98,45%,Female,56-64,GA
12/22/17,12:09:59,Handmade - Candles,1,,489,$18.00 ,($2.70),8540H480P1308HZAGC050M12M8,9.98,45%,Female,56-64,NC
12/2/17,16:53:16,Handmade - Candles,1,,169,$18.00 ,($2.70),9Q48REY9X1770TYPFSJQVQQ29M,9.98,45%,Female,64+,NC
12/1/17,19:51:23,Handmade - Candles,1,,489,$18.00 ,($1.80),FSRSKMFC993WCQCNXZVM2YHS84,9.98,45%,Male,56-64,FL
12/1/17,18:16:24,Handmade - Candles,1,,489,$18.00 ,($1.80),PHRT6JMQ197YES5YQP5RJQ0JBR,9.98,45%,Female,56-64,NC
11/25/17,11:36:18,Handmade - Candles,1,,489,$18.00 ,($3.60),A4F04F01G916TS9RN3CFC7F4A4,9.98,45%,Male,56-64,GA
11/24/17,17:01:36,Handmade - Candles,1,,489,$18.00 ,($3.60),2CMRW4J0ZX376M2VAV8HTTEE18,9.98,45%,Male,56-64,FL
11/24/17,16:58:33,Handmade - Candles,1,,169,$18.00 ,($3.60),XDJJAN2FFH2KJK0A6GBHW7NGB0,9.98,45%,Male,64+,NC
11/24/17,15:05:43,Handmade - Candles,1,,489,$18.00 ,($3.60),0RPEC48T9D676T2KSVF5MBPRXW,9.98,45%,Female,56-64,FL
11/24/17,14:47:20,Handmade - Candles,1,,489,$18.00 ,($3.60),2ZCDXDZS0S7JYSZJV126BK1R18,9.98,45%,Male,56-64,NC
11/24/17,12:58:55,Vintage Accessories,1,,98,$18.00 ,($3.60),2BEDGZJC7N4N4ZK3B9WEA91PF8,9.98,45%,Female,64+,NC
11/22/17,14:43:07,Handmade - Candles,1,,489,$18.00 ,$0.00 ,7Q89DYAE6H29JPT8VKB0KFRJTW,9.98,45%,Female,56-64,FL
11/18/17,16:36:33,Vintage Clothing,1,,116,$18.00 ,($2.70),FP7FS6P0MD2PCNSYPCTXK4N6Y4,9.98,45%,Female,56-64,GA
11/17/17,18:27:18,Handmade - Candles,1,,489,$18.00 ,($2.70),", ZGV3RWANQS42ANYC53XGM9DPNR",9.98,45%,Female,56-64,NC
11/17/17,12:50:38,Handmade - Candles,1,,489,$18.00 ,$0.00 ,BZQGE0BM6H5PPKG7CTASZBNVAR,9.98,45%,Female,64+,NC
11/11/17,15:29:55,Vintage Clothing,1,,321,$18.00 ,$0.00 ,A2C5TMA2Q96EAK9XG039JPDJD4,9.98,45%,Female,56-64,VA
11/11/17,12:38:14,Handmade - Candles,1,,489,$18.00 ,$0.00 ,BBNHPHN4N5176G967GW111QDYG,9.98,45%,Female,64+,FL
11/10/17,14:23:44,Handmade - Candles,1,,489,$18.00 ,($18.00),C8NVR159RD28EJ7DFQG44Z91MG,9.98,45%,Female,56-64,NC
11/8/17,17:09:25,Handmade - Candles,1,,489,$18.00 ,($2.70),8A4HSC2CFN1KYMAHNKMQD7D57M,9.98,45%,Male,64+,NC
11/8/17,16:38:23,Handmade - Candles,1,,169,$18.00 ,$0.00 ,FM9801NFNN230SDGQDY9170ENM,9.98,45%,Male,56-64,VA
11/4/17,16:28:14,Handmade - Candles,1,,489,$18.00 ,$0.00 ,F1ECVVJWMX5ZPPF0FT9RMTV22W,9.98,45%,Male,56-64,GA
11/4/17,14:00:36,Vintage Accessories,1,,98,$18.00 ,$0.00 ,GE3Y2GS9W90SPS9QN3CG0E7QDR,9.98,45%,Male,64+,GA
11/3/17,20:06:41,Handmade - Candles,1,,169,$18.00 ,($1.80),0JBR31QSW92JGW5HSHH4EEPCF4,9.98,45%,Male,56-64,NC
11/3/17,19:06:07,Handmade - Candles,1,,489,$18.00 ,($1.80),GFWZQMTWVH4GWPBDP0Z8JFGC0R,9.98,45%,Male,64+,NC
11/3/17,19:04:43,Vintage Clothing,1,,336,$18.00 ,($1.80),YRA83FFMM531MTPCB4QRNPWPTC,9.98,45%,Female,56-64,VA
10/31/17,16:52:39,Handmade - Candles,1,,489,$18.00 ,$0.00 ,F5GT3JYWN521GY625QFN8HFPP8,9.98,45%,Female,64+,GA
10/28/17,17:15:26,Handmade - Candles,1,,169,$18.00 ,($1.80),N7BDQ0F39D0T0MFWGTTYJQJQX0,9.98,45%,Male,64+,NC
10/28/17,15:31:55,Handmade - Candles,1,,489,$18.00 ,$0.00 ,47VVHX45Z54XWVPXANAZ449CPC,9.98,45%,Male,56-64,SC
10/28/17,14:22:15,Vintage Clothing,1,,105,$18.00 ,$0.00 ,MHYF89389N76PM0Z7Y0NHKAM0R,9.98,45%,Male,56-64,FL
10/17/17,17:58:48,Handmade - Candles,1,,169,$18.00 ,$0.00 ,VY7QEEK0B1584MVD2X9EZCYT54,9.98,45%,Female,64+,FL
10/13/17,18:39:28,Handmade - Candles,1,,169,$18.00 ,$0.00 ,N55H0JCHJN428N7Z8T98XP32KR,9.98,45%,Female,56-64,NC
10/12/17,19:30:03,Handmade - Candles,1,,169,$18.00 ,$0.00 ,Y38TDM5A1H0W4VX0N3X5AW9VJG,9.98,45%,Male,64+,NC
10/12/17,18:37:03,Handmade - Candles,1,,169,$18.00 ,$0.00 ,1M6XB51RX53SPM6RC63XEG1CGG,9.98,45%,Male,56-64,GA
9/29/18,16:50:06,Antiques,1,Regular,807,$17.99 ,$0.00 ,JJY0KHGKJS0KRKGA1B72KVKJG0,9.98,45%,Male,56-64,NC
9/22/18,17:04:31,Handmade - Jewelry,1,Regular,848,$17.99 ,($3.60),7B94RT0BS5446R609EF4VK5WMM,9.98,45%,Male,64+,NC
8/31/18,13:04:10,Handmade - Jewelry,1,Regular,848,$17.99 ,($3.60),C7KBMW3HDH0JJN5XGB4S3T0C9R,9.98,45%,Female,56-64,NC
8/22/18,20:47:11,Handmade - Candles,1,"""Campfire""",862,$17.99 ,($1.80),GGRBWQVEF1176MWGBHCRNAJ6C0,9.98,45%,Male,56-64,NC
8/10/18,17:55:25,Handmade - Candles,1,"""Campfire""",862,$17.99 ,$0.00 ,SPKCNG3ZSN3H4GKAME7SYHQYZ4,9.98,45%,Female,64+,NC
8/10/18,14:22:40,Handmade - Candles,1,"""Campfire""",862,$17.99 ,$0.00 ,5YABFJS0XX4WRGNSBA2MR4X210,9.98,45%,Female,56-64,NC
5/26/18,17:00:30,Handmade - Candles,1,"""Campfire""",862,$17.99 ,$0.00 ,7HT5TTF8XH3EYM8Q44Y2KHQVS4,9.98,45%,Female,56-64,NC
4/26/18,13:29:53,Handmade - Home,1,,438,$17.99 ,$0.00 ,3KJ6H3YNZX7BJZ1DWFW634HBRR,9.98,45%,Female,56-64,GA
10/6/18,16:27:03,Vintage Clothing,1,,578,$17.00 ,$0.00 ,8540H480P1308HZAGC050M12M8,9.98,41%,Female,56-64,NC
9/28/18,14:09:29,Handmade - Candles,1,Regular,1331,$17.00 ,($2.55),9Q48REY9X1770TYPFSJQVQQ29M,9.98,41%,Female,64+,NC
9/21/18,19:11:43,None,1,,1100,$17.00 ,($2.55),FSRSKMFC993WCQCNXZVM2YHS84,9.98,41%,Male,56-64,FL
9/13/18,15:57:12,Handmade - Candles,1,Regular,1331,$17.00 ,($2.55),PHRT6JMQ197YES5YQP5RJQ0JBR,9.98,41%,Female,56-64,NC
8/25/18,13:50:01,Vintage Clothing,1,,1540,$17.00 ,$0.00 ,A4F04F01G916TS9RN3CFC7F4A4,9.98,41%,Male,56-64,GA
8/18/18,12:36:48,Handmade - Candles,1,Regular,1331,$17.00 ,($2.55),2CMRW4J0ZX376M2VAV8HTTEE18,9.98,41%,Male,56-64,FL
8/18/18,12:36:48,None,1,,1081,$17.00 ,($2.55),XDJJAN2FFH2KJK0A6GBHW7NGB0,9.98,41%,Male,64+,NC
8/10/18,17:55:25,Custom Merchandise,1,Regular,1023,$17.00 ,$0.00 ,0RPEC48T9D676T2KSVF5MBPRXW,9.98,41%,Female,56-64,FL
8/9/18,12:52:15,Custom Merchandise,1,Regular,1023,$17.00 ,($2.55),2ZCDXDZS0S7JYSZJV126BK1R18,9.98,41%,Male,56-64,NC
8/3/18,19:23:30,Vintage Clothing,1,,583,$17.00 ,($1.70),2BEDGZJC7N4N4ZK3B9WEA91PF8,9.98,41%,Female,64+,NC
7/21/18,14:57:42,Custom Merchandise,1,Regular,1023,$17.00 ,($2.55),7Q89DYAE6H29JPT8VKB0KFRJTW,9.98,41%,Female,56-64,FL
7/21/18,14:48:34,Vintage Clothing,1,,1373,$17.00 ,$0.00 ,FP7FS6P0MD2PCNSYPCTXK4N6Y4,9.98,41%,Female,56-64,GA
7/21/18,13:38:16,Custom Merchandise,1,Regular,1023,$17.00 ,($2.55),", ZGV3RWANQS42ANYC53XGM9DPNR",9.98,41%,Female,56-64,NC
7/20/18,18:50:16,Handmade - Candles,1,Regular,1331,$17.00 ,($2.55),BZQGE0BM6H5PPKG7CTASZBNVAR,9.98,41%,Female,64+,NC
7/12/18,14:34:44,Handmade - Apothecary,1,Focus Blend,1198,$17.00 ,$0.00 ,A2C5TMA2Q96EAK9XG039JPDJD4,9.98,41%,Female,56-64,VA
7/6/18,14:19:48,Vintage Clothing,1,Regular,779,$17.00 ,$0.00 ,BBNHPHN4N5176G967GW111QDYG,9.98,41%,Female,64+,FL
7/3/18,17:02:24,Custom Merchandise,1,Regular,1023,$17.00 ,$0.00 ,C8NVR159RD28EJ7DFQG44Z91MG,9.98,41%,Female,56-64,NC
6/22/18,13:07:17,Handmade - Textiles,1,Regular,1045,$17.00 ,$0.00 ,8A4HSC2CFN1KYMAHNKMQD7D57M,9.98,41%,Male,64+,NC
6/20/18,12:45:47,Handmade - Apothecary,1,,938,$17.00 ,$0.00 ,FM9801NFNN230SDGQDY9170ENM,9.98,41%,Male,56-64,VA
6/15/18,17:07:40,Vintage Clothing,1,,1203,$17.00 ,$0.00 ,F1ECVVJWMX5ZPPF0FT9RMTV22W,9.98,41%,Male,56-64,GA
6/15/18,12:35:02,Vintage Clothing,1,,1211,$17.00 ,$0.00 ,GE3Y2GS9W90SPS9QN3CG0E7QDR,9.98,41%,Male,64+,GA
6/2/18,12:43:49,Custom Merchandise,1,Regular,1023,$17.00 ,$0.00 ,0JBR31QSW92JGW5HSHH4EEPCF4,9.98,41%,Male,56-64,NC
5/12/18,15:55:22,Custom Merchandise,1,Regular,1023,$17.00 ,($1.70),GFWZQMTWVH4GWPBDP0Z8JFGC0R,9.98,41%,Male,64+,NC
5/12/18,15:07:45,Custom Merchandise,1,Regular,1023,$17.00 ,($1.70),YRA83FFMM531MTPCB4QRNPWPTC,9.98,41%,Female,56-64,VA
5/10/18,19:54:29,Custom Merchandise,1,Regular,1023,$17.00 ,($1.70),F5GT3JYWN521GY625QFN8HFPP8,9.98,41%,Female,64+,GA
5/8/18,14:15:38,Handmade - Apothecary,1,,938,$17.00 ,$0.00 ,N7BDQ0F39D0T0MFWGTTYJQJQX0,9.98,41%,Male,64+,NC
5/8/18,14:15:38,Custom Merchandise,1,Regular,1023,$17.00 ,$0.00 ,S0Q2DVVJW55BCZEN1Q8MA4APVC,9.98,41%,Male,18-25,NC
4/14/18,14:21:40,Antiques,1,Regular,608,$17.00 ,($1.70),M90BSKQPTD7MRJHDHD7DD8T6CG,9.98,41%,Female,26-35,NC
3/30/18,14:04:35,Vintage Accessories,1,Regular,810,$17.00 ,$0.00 ,AAAPTRXCWD2FYVE6Y2K7WJRKDR,9.98,41%,Female,36-45,NC
2/13/18,19:31:38,Vintage Clothing,1,,171,$17.00 ,($2.55),CY4R1654M966EJCJN5X1B6K10G,9.98,41%,Female,46-55,NC
11/24/17,18:55:17,Vintage Accessories,1,,282,$17.00 ,($3.40),N55H0JCHJN428N7Z8T98XP32KR,9.98,41%,Female,56-64,NC
9/22/18,18:21:39,Antiques,1,,700,$16.99 ,$0.00 ,Y38TDM5A1H0W4VX0N3X5AW9VJG,9.98,41%,Male,64+,NC
9/8/18,15:36:27,Handmade - Jewelry,1,,411,$16.99 ,($3.40),E78N7D4NQ96Y6HVQ18M0R406D4,9.98,41%,Male,18-25,NC
7/27/18,13:44:38,Handmade - Pottery,1,,197,$16.99 ,$0.00 ,QG9TTGPK59458YTHYD5A121G6C,9.98,41%,Female,26-35,NC
7/6/18,17:59:51,Handmade - Candles,1,,14,$16.99 ,($1.70),GQFWFVAEM95D0N1BB6Z8FVXNH8,9.98,41%,Female,18-25,NC
7/5/18,16:19:10,Handmade - Pottery,1,,197,$16.99 ,$0.00 ,6REFVR7EDX5GTVSMP6CBMSSDP8,9.98,41%,Female,26-35,SC
6/22/18,18:02:55,Antiques,1,,615,$16.99 ,$0.00 ,VABF294Y0H0CV6CR6DEC499KDC,9.98,41%,Female,36-45,SC
9/8/18,14:40:44,Handmade - Stationery,1,Poppies,1025,$16.50 ,($1.65),KXM5N2W6RS0P6Y8N8V8QMP0FYG,9.98,40%,Male,18-25,SC
6/14/18,14:35:40,Handmade - Apothecary,1,Regular,1252,$16.50 ,$0.00 ,6E38BNBX8S3RH2R8TNZEQCRDT4,9.98,40%,Male,26-35,TN
6/14/18,13:09:00,Handmade - Stationery,1,Poppies,1025,$16.50 ,$0.00 ,JM9K6PY1TD0TMQ9BK16RZ19HZ0,9.98,40%,Female,36-45,VA
6/1/18,14:52:56,Handmade - Apothecary,1,Regular,1252,$16.50 ,$0.00 ,YMTX6FZ6N15TCYG3N6479WJJV8,9.98,40%,Female,46-55,VA
10/31/17,16:19:41,Handmade - Artwork,1,Regular,35,$16.50 ,$0.00 ,DBVSKP9QJ54ZCTG2E5SN49C99M,9.98,40%,Female,18-25,VA
10/12/18,19:32:54,Handmade - Apothecary,1,Digestive Blend,1197,$16.00 ,$0.00 ,0B4T8D28X537KDYXW4402XVQ5G,9.98,38%,Female,26-35,GA
10/6/18,16:29:22,Antiques,1,Regular,1666,$16.00 ,$0.00 ,WGKMWF4C716TTWPT2N6P7HWPYG,9.98,38%,Male,36-45,GA
10/6/18,16:27:03,Vintage Clothing,1,,1457,$16.00 ,$0.00 ,A2W0MMP30N1BJW71APV4M6KB2R,9.98,38%,Male,46-55,GA
10/6/18,14:04:35,Antiques,1,,72,$16.00 ,$0.00 ,1M6XB51RX53SPM6RC63XEG1CGG,9.98,38%,Male,56-64,GA
10/6/18,13:22:26,Vintage Clothing,1,Regular,1640,$16.00 ,($2.40),9D6DARVHJX61GVMM0AF13XBGJW,9.98,38%,Female,18-25,FL
10/2/18,14:34:44,Handmade - Apothecary,1,Digestive Blend,1197,$16.00 ,$0.00 ,FZ3D14G0GD1RJXFYAWFZD1GMC4,9.98,38%,Female,26-35,FL
9/25/18,13:27:08,Vintage Clothing,1,,1447,$16.00 ,$0.00 ,63B6R92GZS5EMQ8SKJM1GDV84G,9.98,38%,Female,36-45,NC
8/17/18,15:48:55,Antiques,1,Regular,611,$16.00 ,$0.00 ,YNMZ7Q9SCH5R4NV2SY8TNKDTA8,9.98,38%,Female,46-55,NC
7/26/18,13:26:41,Vintage Clothing,1,Regular,1182,$16.00 ,$0.00 ,JJY0KHGKJS0KRKGA1B72KVKJG0,9.98,38%,Male,56-64,NC
7/21/18,18:15:39,Found,1,Regular,1250,$16.00 ,$0.00 ,7B94RT0BS5446R609EF4VK5WMM,9.98,38%,Male,64+,NC
7/20/18,18:10:45,Antiques,1,Regular,1415,$16.00 ,$0.00 ,P84AX8D18X5CGG2630AQXN0HK0,9.98,38%,Female,18-25,NC
7/17/18,13:16:59,Vintage Clothing,1,,679,$16.00 ,$0.00 ,CH1FAZ6YQ95XRK4P96CG2437PM,9.98,38%,Female,26-35,NC
7/14/18,14:48:14,Antiques,1,Regular,1068,$16.00 ,$0.00 ,8TS04YWCD1180M0NGAVWVADGX8,9.98,38%,Female,18-25,SC
7/13/18,15:17:24,Vintage Clothing,1,Regular,99,$16.00 ,$0.00 ,C7HKRAF5GD7GX97E34HFEPJ9QR,9.98,38%,Female,26-35,SC
7/13/18,15:06:02,Handmade - Jewelry,1,Regular,404,$16.00 ,$0.00 ,8TC6H6D9MD07TQ5FSYT8RY2YDC,9.98,38%,Male,36-45,SC
7/13/18,12:48:30,Vintage Clothing,1,Regular,1395,$16.00 ,$0.00 ,1VTCZFJMTS2HYXT65G6PJBMJNW,9.98,38%,Male,18-25,TN
7/12/18,16:44:28,Vintage Clothing,1,,1377,$16.00 ,$0.00 ,WTDMAZ8TAS6KWHVNN3572BGYHG,9.98,38%,Female,26-35,VA
7/3/18,13:33:14,Vintage Clothing,1,,1225,$16.00 ,$0.00 ,ANGDGM93413X8NDZS1WMTAM7QC,9.98,38%,Female,36-45,VA
6/16/18,18:28:27,Handmade - Stationery,1,,521,$16.00 ,($2.40),8Q2A5N980S2CV0VBNDXZ58HN6M,9.98,38%,Female,46-55,GA
6/16/18,15:00:06,None,1,,1074,$16.00 ,$0.00 ,DNB0XVYDNS73YZ5FBQ3MDGCHMC,9.98,38%,Female,18-25,GA
6/14/18,15:07:15,Handmade - Candles,1,Regular,908,$16.00 ,($2.40),FV8CSGV17D4638XE4S8Q44F59G,9.98,38%,Male,26-35,FL
6/14/18,14:35:40,Handmade - Apothecary,2,Regular,1241,$16.00 ,$0.00 ,ZGV3RWANQS42ANYC53XGM9DPNR,9.98,38%,Male,36-45,FL
6/7/18,13:35:32,Vintage Clothing,1,,348,$16.00 ,$0.00 ,J0K5KJEZP90H2TF50JR6BQM4A8,9.98,38%,Male,46-55,NC
5/30/18,14:31:00,Handmade - Jewelry,1,Regular,404,$16.00 ,$0.00 ,C7KBMW3HDH0JJN5XGB4S3T0C9R,9.98,38%,Female,56-64,NC
5/25/18,12:52:28,Handmade - Apothecary,1,Digestive Blend,1197,$16.00 ,$0.00 ,YPEPJPB5NX1F5C4YBQ3KT03G24,9.98,38%,Female,18-25,NC
5/23/18,16:56:14,Handmade - Candles,1,Regular,908,$16.00 ,$0.00 ,XPX4RJS9N17YWWWHHAH0C4X4PC,9.98,38%,Female,26-35,NC
5/20/18,16:05:24,Handmade - Candles,1,Regular,908,$16.00 ,$0.00 ,1SHNDWTVJH4AYXYPPD497G7BZ4,9.98,38%,Female,36-45,NC
5/12/18,18:58:12,Handmade - Jewelry,1,Regular,426,$16.00 ,$0.00 ,GGRBWQVEF1176MWGBHCRNAJ6C0,9.98,38%,Male,56-64,NC
5/10/18,19:28:28,Handmade - Jewelry,1,Regular,404,$16.00 ,($1.60),SPKCNG3ZSN3H4GKAME7SYHQYZ4,9.98,38%,Female,64+,NC
5/5/18,18:46:52,Handmade - Jewelry,1,Regular,404,$16.00 ,$0.00 ,C3V7264CQ94DMTY7XTYPX9BAZ0,9.98,38%,Female,18-25,NC
5/4/18,18:42:48,Handmade - Jewelry,1,Regular,404,$16.00 ,($1.60),0DTZWFET9S1CCQJTXK2DWCHK78,9.98,38%,Female,26-35,NC
5/3/18,15:09:20,Handmade - Jewelry,1,Regular,404,$16.00 ,$0.00 ,YEXGAEBH496DYHB5W8YKX05K0M,5.46,66%,Female,18-25,NC
5/2/18,17:27:48,Handmade - Jewelry,1,Regular,404,$16.00 ,$0.00 ,SDYF84QZZN044KAR7BDDRXY8QG,5.46,66%,Male,26-35,NC
4/13/18,13:26:50,Handmade - Artwork,1,,387,$16.00 ,($2.40),JFH7BG20RS6BTMV9HCK20ZWD1M,5.46,66%,Male,36-45,SC
4/11/18,12:32:55,Handmade - Candles,1,Regular,908,$16.00 ,$0.00 ,1JQ6FFGTV13X0J9Y75C1QJBQ8G,5.46,66%,Female,18-25,SC
4/7/18,17:17:52,Handmade - Artwork,1,,387,$16.00 ,($2.40),399VK7734S2AMKBD94Z2QHQEWM,5.46,66%,Female,36-45,TN
4/7/18,15:26:56,Handmade - Candles,1,Regular,908,$16.00 ,$0.00 ,7ABN6941C54J8GNND0EMF5CNT8,5.46,66%,Female,46-55,VA
4/6/18,19:54:11,Handmade - Jewelry,1,Regular,404,$16.00 ,($1.60),M1Z9V825FX7H6YV3V0RN437KWC,5.46,66%,Male,18-25,VA
4/6/18,19:36:37,Handmade - Candles,1,Regular,908,$16.00 ,($1.60),29JBC7HM190V6P1B8R9R7G6G04,5.46,66%,Male,26-35,VA
3/31/18,18:48:43,Vintage Clothing,1,,577,$16.00 ,($2.40),VPVPYB79D5482P3Y7QC1PVEKYW,5.46,66%,Female,46-55,GA
3/24/18,17:27:55,Antiques,1,,922,$16.00 ,$0.00 ,WJ06Y207TH1EAMF9J6JVFXMFQ4,5.46,66%,Female,18-25,GA
3/24/18,15:31:48,Handmade - Artwork,1,Regular,145,$16.00 ,$0.00 ,A8P7DRKTJD52TRF5KSMK98HFP4,5.46,66%,Female,26-35,FL
3/24/18,15:31:48,Handmade - Artwork,1,Regular,799,$16.00 ,($3.20),8MB18JEH8X24PJTNBFV9TWFM0M,5.46,66%,Male,36-45,FL
3/20/18,17:22:05,Handmade - Candles,1,Regular,908,$16.00 ,$0.00 ,XQYMX2QV2D0YQFN31WV114V06C,5.46,66%,Male,46-55,NC
3/17/18,16:40:45,Handmade - Candles,1,Regular,908,$16.00 ,$0.00 ,5YABFJS0XX4WRGNSBA2MR4X210,5.46,66%,Female,56-64,NC
3/13/18,15:42:36,Handmade - Jewelry,1,Regular,894,$16.00 ,$0.00 ,JBF7A60QDD59RHYW078FDE036W,5.46,66%,Female,18-25,NC
3/10/18,13:01:34,Vintage Clothing,1,Regular,814,$16.00 ,$0.00 ,X4BFAJ0Y1H57AH9KXYRZZZHB2C,5.46,66%,Female,26-35,NC
3/10/18,12:49:47,Handmade - Jewelry,1,Regular,404,$16.00 ,($2.40),QFFX587V8929GTSJQS0Z97XRZ8,5.46,66%,Male,18-25,NC
3/8/18,16:38:06,Handmade - Jewelry,1,Regular,426,$16.00 ,$0.00 ,KS9B7FG9Z53HCGAFBFMPA0TFPM,5.46,66%,Male,26-35,SC
3/8/18,15:27:41,Handmade - Apothecary,1,,527,$16.00 ,$0.00 ,6QNSQ6BW957APTBFD8FYXZYS68,5.46,66%,Female,18-25,SC
3/3/18,12:34:35,Handmade - Jewelry,1,Regular,404,$16.00 ,$0.00 ,N3F8VKAJFH3QWPYK5BN9VQYEGM,5.46,66%,Female,26-35,TN
3/2/18,20:17:04,Handmade - Artwork,1,Regular,145,$16.00 ,($1.60),JA9A2ZA5FX0XJWZBKNYAWMWCSM,5.46,66%,Male,46-55,VA
3/2/18,20:16:15,Handmade - Artwork,1,Regular,145,$16.00 ,($1.60),RBYSDGSCYH37ARB2XG4B5V51RC,5.46,66%,Male,18-25,GA
3/2/18,17:28:14,Handmade - Candles,1,Regular,908,$16.00 ,($1.60),HHEHSTTGWX6R2QZXY8MNFW87M0,5.46,66%,Male,26-35,GA
2/22/18,16:47:29,Handmade - Jewelry,1,Regular,404,$16.00 ,($2.40),FB44D0FBX51ZEYXJAHB8ZPEBPC,5.46,66%,Female,18-25,NC
2/21/18,20:53:24,Handmade - Jewelry,1,Regular,404,$16.00 ,($1.60),2W0YMM8PS947AHMJWFHF38ZZMC,5.46,66%,Male,26-35,NC
2/21/18,20:39:11,Handmade - Jewelry,1,Regular,404,$16.00 ,($1.60),9XGK3AW8S56DCXNZC063GWNQ9R,5.46,66%,Male,36-45,NC
2/21/18,20:37:48,Handmade - Jewelry,1,Regular,404,$16.00 ,($1.60),GZ3WBGEY5X3KSA178HNG6J7MC0,5.46,66%,Female,46-55,NC
2/21/18,13:25:04,Handmade - Jewelry,1,Regular,894,$16.00 ,$0.00 ,7HT5TTF8XH3EYM8Q44Y2KHQVS4,5.46,66%,Female,56-64,NC
2/17/18,16:53:08,Handmade - Candles,1,Regular,908,$16.00 ,($2.40),BW83DBYDND4J2PNKFA7ZXSZ58M,5.46,66%,Male,26-35,NC
2/17/18,14:02:25,Handmade - Candles,1,Regular,908,$16.00 ,$0.00 ,AXSJ6J9G7121GYB144ZR6FGN3R,5.46,66%,Male,18-25,NC
2/14/18,14:38:01,Handmade - Jewelry,1,Regular,894,$16.00 ,($2.40),YJPHHMYQCH58JJ7V76S87TAY5M,5.46,66%,Female,36-45,NC
2/13/18,19:08:03,Antiques,1,Regular,885,$16.00 ,($2.40),4HYMXBC6X502EZP0CT50NCM5TG,5.46,66%,Female,18-25,SC
2/2/18,20:16:41,Vintage Clothing,1,Regular,871,$16.00 ,($1.60),554DXKX0QH6STGY80TYMNRF280,5.46,66%,Male,36-45,SC
2/2/18,12:22:15,Handmade - Jewelry,1,Regular,894,$16.00 ,$0.00 ,X1BYHPZ9HD0S2NMG0Z6S17EKK4,5.46,66%,Male,46-55,TN
2/1/18,12:14:10,Handmade - Jewelry,1,Regular,404,$16.00 ,$0.00 ,856AWM523H05JSKH732BJ9FBDR,5.46,66%,Male,18-25,VA
1/31/18,14:06:48,Vintage Clothing,1,,339,$16.00 ,$0.00 ,", QHE4DA31P96MYQTW46FMK4HD2R",5.46,66%,Female,26-35,VA
1/27/18,16:20:34,Handmade - Jewelry,1,Regular,426,$16.00 ,$0.00 ,WR8EP0XRPH2SRNSNPYHFD4TRV4,5.46,66%,Female,36-45,VA
1/26/18,18:24:27,Handmade - Jewelry,1,Regular,404,$16.00 ,$0.00 ,1N5Z2GNMX90R6PAXA9250PB8CC,5.46,66%,Female,46-55,GA
1/26/18,17:35:26,Handmade - Stationary,1,,521,$16.00 ,$0.00 ,3KJ6H3YNZX7BJZ1DWFW634HBRR,5.46,66%,Female,56-64,GA
1/13/18,16:17:17,Handmade - Artwork,1,,387,$16.00 ,$0.00 ,15963CGQGN5DXFF0N6NA80X25M,5.46,66%,Male,18-25,GA
1/13/18,14:45:05,Vintage Accessories,1,,184,$16.00 ,($2.40),X7VVNSZY792C0SEC1YVCDGZKX0,5.46,66%,Male,26-35,GA
1/13/18,14:43:20,Vintage Accessories,1,,184,$16.00 ,($2.40),GGBPXTE87N420GMX87PM05ZQGG,5.46,66%,Female,46-55,FL
1/6/18,15:07:21,Vintage Clothing,1,,579,$16.00 ,$0.00 ,8540H480P1308HZAGC050M12M8,5.46,66%,Female,56-64,NC
1/6/18,14:06:26,Handmade - Artwork,1,,521,$16.00 ,$0.00 ,9Q48REY9X1770TYPFSJQVQQ29M,5.46,66%,Female,64+,NC
12/30/17,15:13:17,Handmade - Jewelry,1,Regular,404,$16.00 ,$0.00 ,V9G5RTZ94112AX0D7CA7QEN29G,5.46,66%,Male,18-25,NC
12/28/17,17:07:00,Handmade - Jewelry,1,Regular,404,$16.00 ,$0.00 ,EFWJTE620X029FE8PKN0MYNJCW,5.46,66%,Male,26-35,NC
12/26/17,17:38:29,Handmade - Jewelry,1,Regular,404,$16.00 ,$0.00 ,36C8M4HN1S1RZ8R902X9SE6EHC,5.46,66%,Female,18-25,NC
12/26/17,16:24:47,Handmade - Jewelry,1,Regular,404,$16.00 ,$0.00 ,JNM0ZJBB9H5XAR3V7SNWDHTNVW,5.46,66%,Female,26-35,NC
12/26/17,15:04:16,Handmade - Jewelry,1,Regular,404,$16.00 ,$0.00 ,BMNHSD5XTH5YGJPMKBFK3J3QYM,5.46,66%,Female,36-45,SC
12/23/17,16:57:22,Handmade - Jewelry,1,Regular,404,$16.00 ,($2.40),YJVP81R0W91REY3298YHC0BB0W,5.46,66%,Female,18-25,SC
12/22/17,18:18:48,Handmade - Jewelry,1,Regular,404,$16.00 ,($2.40),Z4PC2G60EN0CJQ4ZPFNZDM886C,5.46,66%,Male,36-45,TN
12/22/17,13:51:41,Handmade - Jewelry,1,Regular,404,$16.00 ,($2.40),6A4TM5Y3XH4YWVYNZSM0YPTMB4,5.46,66%,Male,46-55,VA
12/21/17,14:23:29,Handmade - Jewelry,1,Regular,404,$16.00 ,($2.40),Y905F74XC95GCQNY86GVADC2C8,5.46,66%,Female,18-25,VA
12/16/17,12:55:35,Handmade - Jewelry,1,Regular,404,$16.00 ,$0.00 ,8YDHBZT8K54SWJ78CXN35GWWK0,5.46,66%,Female,36-45,GA
12/7/17,15:36:49,Handmade - Jewelry,1,Regular,404,$16.00 ,$0.00 ,C3677YPA1X69MVQ39KTNQEXVQM,5.46,66%,Female,46-55,FL
12/7/17,12:21:31,Vintage Clothing,1,,584,$16.00 ,$0.00 ,FSRSKMFC993WCQCNXZVM2YHS84,5.46,66%,Male,56-64,FL
12/2/17,16:53:16,Vintage Clothing,1,,460,$16.00 ,($2.40),YGP567MWK5492KY2RXWA2DNH2G,5.46,66%,Male,18-25,NC
11/25/17,17:00:47,Handmade - Jewelry,1,Regular,404,$16.00 ,($3.20),CSA1HVR3FH4TGWM6GG5KMQ73AR,5.46,66%,Female,26-35,NC
11/25/17,11:36:18,Vintage Accessories,1,,685,$16.00 ,($3.20),1CXBKXYY45408N1GG8HRW75HM8,5.46,66%,Female,36-45,NC
11/24/17,13:04:54,Handmade - Jewelry,1,Regular,404,$16.00 ,($3.20),CRJXATHG8579ERYN1YYQTAZ2HW,5.46,66%,Female,46-55,NC
11/24/17,12:39:16,Vintage Clothing,1,,589,$16.00 ,($3.20),PHRT6JMQ197YES5YQP5RJQ0JBR,5.46,66%,Female,56-64,NC
11/22/17,15:15:38,Handmade - Jewelry,1,Regular,426,$16.00 ,$0.00 ,JXY2VW9VAD38TY8DE8A6HS3G3C,5.46,66%,Male,18-25,NC
11/15/17,15:14:15,Handmade - Jewelry,1,Regular,404,$16.00 ,$0.00 ,BEFXWD3WH5314SG45656PP2KSC,5.46,66%,Female,26-35,NC
11/11/17,17:26:32,Vintage Clothing,1,,581,$16.00 ,$0.00 ,A1N2FCHVNH67CTENFKKMF571FM,5.46,66%,Female,18-25,NC
11/8/17,17:09:25,Handmade - Jewelry,1,Regular,404,$16.00 ,($2.40),MJJBGNRMDD7J75BWBPPS1S1PXM,5.46,66%,Female,26-35,NC
11/8/17,13:48:19,Handmade - Jewelry,1,Regular,404,$16.00 ,$0.00 ,PZ3GRR3889544ZPW3TDE2NKKSM,5.46,66%,Female,36-45,NC
11/8/17,13:45:58,Handmade - Artwork,1,,387,$16.00 ,$0.00 ,M2Q94Y1QJ9658YZS16QBQGNG1C,5.46,66%,Male,18-25,NC
11/4/17,15:09:57,Handmade - Jewelry,1,Regular,404,$16.00 ,$0.00 ,FYSD0JZCPD5E6TDPFQKF4HNW1W,5.46,66%,Male,26-35,SC
10/28/17,12:56:50,Handmade - Jewelry,1,Regular,426,$16.00 ,$0.00 ,0F9N53YEPX3DGZMZV4B7J8AG70,5.46,66%,Female,46-55,SC
10/28/17,12:56:50,Handmade - Artwork,1,,387,$16.00 ,$0.00 ,FKR5S7QK6H6PPHJN3KGN1CENVC,5.46,66%,Female,18-25,TN
10/21/17,18:49:20,Vintage Accessories,1,,139,$16.00 ,$0.00 ,YG1A8TJ06X5QGXNDNN5M4ZJX44,5.46,66%,Female,26-35,VA
10/21/17,16:22:03,Antiques,1,Regular,118,$16.00 ,$0.00 ,A4F04F01G916TS9RN3CFC7F4A4,5.46,66%,Male,56-64,GA
10/20/17,17:42:40,Vintage Clothing,1,,354,$16.00 ,$0.00 ,5TMM4D9NR1412V9Z32T87H10ER,5.46,66%,Female,26-35,GA
10/20/17,17:17:44,Handmade - Artwork,1,,387,$16.00 ,$0.00 ,PT6RVRW5R53XPGC4YRVWX0H6D0,5.46,66%,Female,36-45,GA
10/20/17,13:38:21,Handmade - Jewelry,1,Regular,404,$16.00 ,$0.00 ,V7K4AY5V9D1STQ7SRKWAS9TZPC,5.46,66%,Female,46-55,FL
10/18/17,17:46:58,Vintage Clothing,1,,8,$16.00 ,$0.00 ,2CMRW4J0ZX376M2VAV8HTTEE18,5.46,66%,Male,56-64,FL
10/14/17,17:32:57,Handmade - Artwork,1,Regular,145,$16.00 ,$0.00 ,XDJJAN2FFH2KJK0A6GBHW7NGB0,5.46,66%,Male,64+,NC
10/13/17,20:08:27,Handmade - Jewelry,1,Regular,404,$16.00 ,$0.00 ,07W7TH9K2S22MZ7CDB9SF48WY0,5.46,66%,Female,18-25,NC
10/12/17,19:30:03,Antiques,1,Regular,39,$16.00 ,$0.00 ,BBJW6QQWGH43CS6EKKQ9KKJ2H0,5.46,66%,Female,18-25,NC
7/5/18,16:36:17,Handmade - Pottery,1,,261,$15.99 ,$0.00 ,JVJCYPYVYS49PJZ7P8HASKCP04,5.46,66%,Female,26-35,NC
5/26/18,12:26:10,Handmade - Pottery,1,,261,$15.99 ,$0.00 ,P8PGG0B0350MEK5GB05XFSDB30,5.46,66%,Male,36-45,NC
5/11/18,18:45:47,Handmade - Candles,1,Sale,1036,$15.99 ,$0.00 ,NBAS9WHF910BTSBY0KCHKRZAM8,5.46,66%,Male,18-25,SC
4/17/18,15:12:37,Handmade - Candles,1,Sale,1036,$15.99 ,$0.00 ,2MN93RFN81152QRBMY2RRG4M8G,5.46,66%,Male,26-35,SC
4/17/18,15:12:37,Handmade - Candles,1,Sale,1036,$15.99 ,$0.00 ,K2SM7JT6E962WR8EEKP7PPSH2R,5.46,66%,Female,36-45,SC
4/13/18,13:09:35,Handmade - Candles,1,Sale,1036,$15.99 ,$0.00 ,G3VY3BEECS56TRZ5JBKSJXS6V4,5.46,66%,Female,18-25,VA
4/11/18,16:02:00,Handmade - Candles,1,Sale,1036,$15.99 ,($2.40),ZDKXVX8R9S65JP7P4NQ9GTRM6G,5.46,66%,Female,26-35,VA
4/3/18,17:07:42,None,1,,627,$15.99 ,$0.00 ,1RF395SMF11XAPV2BAJ75YAHJ0,5.46,66%,Male,36-45,GA
10/12/18,19:52:38,Vintage Clothing,1,,1222,$15.00 ,($2.25),9DHW1BGWDH4R4RPQXCVSGZSXE0,5.46,64%,Male,46-55,GA
10/12/18,15:04:46,Handmade - Apothecary,1,gardener's hand salve,1695,$15.00 ,$0.00 ,0RPEC48T9D676T2KSVF5MBPRXW,5.46,64%,Female,56-64,FL
10/11/18,14:39:50,Antiques,1,,1272,$15.00 ,$0.00 ,WZ5T6JCZ3D1XRHGGDF1CXNAKVC,5.46,64%,Female,26-35,NC
10/5/18,17:32:26,None,1,,1101,$15.00 ,$0.00 ,C1VTV073HH12MMFW5QH6H8RXJM,5.46,64%,Female,36-45,NC
10/2/18,16:28:17,Handmade - Apothecary,1,kitchen hand salve,1239,$15.00 ,$0.00 ,APR2BBE7DH738NPK8B8DBESY0R,5.46,64%,Male,46-55,NC
9/28/18,18:03:47,Vintage Clothing,1,,1568,$15.00 ,($2.25),2ZCDXDZS0S7JYSZJV126BK1R18,5.46,64%,Male,56-64,NC
9/25/18,13:06:23,Vintage Clothing,1,,600,$15.00 ,($3.00),2BEDGZJC7N4N4ZK3B9WEA91PF8,5.46,64%,Female,64+,NC
9/12/18,14:51:13,Vintage Clothing,1,,1497,$15.00 ,$0.00 ,7353YG0JDD4W8PSDX4J6RBDQQR,5.46,64%,Female,26-35,NC
9/12/18,12:41:52,Handmade - Apothecary,1,Regular,1239,$15.00 ,$0.00 ,XTTFP3G68157PH5R8M4KF7H094,5.46,64%,Female,18-25,NC
9/11/18,16:24:27,Vintage Clothing,1,,1558,$15.00 ,$0.00 ,XNXEJBEQAS36WR8P8D7FKMWA8W,5.46,64%,Male,26-35,NC
8/31/18,13:47:14,Vintage Clothing,1,Regular,1305,$15.00 ,$0.00 ,R55H5MN9WS108WCSHDQJ8935B8,5.46,64%,Male,18-25,NC
8/29/18,12:39:28,Handmade - Artwork,1,Regular,1160,$15.00 ,$0.00 ,V9X8TAVG0D78RRZEJQZTS9Q0F8,5.46,64%,Female,26-35,NC
8/22/18,19:43:52,Handmade - Apothecary,1,Regular,1239,$15.00 ,($2.25),ZPWS0CCJ7X176KMA8J27DT29H4,5.46,64%,Female,36-45,SC
8/18/18,15:25:37,Handmade - Apothecary,1,Stress Blend,944,$15.00 ,($1.50),Z8M388JJS56TRX2CXXSVE0YG6W,5.46,64%,Female,46-55,SC
8/18/18,12:42:08,Antiques,1,Regular,1414,$15.00 ,($2.25),Z06H48QG28SSN6MBF76A1C8BK4,5.46,64%,Female,18-25,SC
8/16/18,15:20:38,Vintage Clothing,1,,1439,$15.00 ,$0.00 ,QFYDZMWK7560TMCE797BY91W90,5.46,64%,Male,26-35,TN
8/10/18,13:30:50,Handmade - Apothecary,1,Regular,1239,$15.00 ,$0.00 ,037WXM5NYX5YANYPZE9VBQRRE8,5.46,64%,Male,36-45,VA
8/4/18,18:15:20,Handmade - Apothecary,1,Sleep Tight,943,$15.00 ,$0.00 ,08R30JMPKH7ZB0EPSY8A71PKW8,5.46,64%,Female,18-25,GA
7/25/18,17:27:07,Handmade - Apothecary,1,Rosy Cocoa,1185,$15.00 ,$0.00 ,02AQZNS8113W8GTYCE8NQ0JCKC,5.46,64%,Female,26-35,GA
7/25/18,17:27:07,Handmade - Apothecary,1,Golden Cocoa,1186,$15.00 ,$0.00 ,62WJZ3WB7D626WT5X83MK1PHJ0,5.46,64%,Male,36-45,GA
7/21/18,18:08:25,Vintage Clothing,1,,309,$15.00 ,($2.25),XPVPEKFY050M8RREZ29VE1WGAR,5.46,64%,Male,46-55,GA
7/19/18,16:19:02,Vintage Clothing,1,,575,$15.00 ,$0.00 ,7Q89DYAE6H29JPT8VKB0KFRJTW,5.46,64%,Female,56-64,FL
7/19/18,15:09:09,Vintage Clothing,1,Regular,1404,$15.00 ,($1.50),Y1VKE889G17YGPWKGGVZWV9X0G,5.46,64%,Female,18-25,NC
7/13/18,15:17:24,Vintage Clothing,1,,1365,$15.00 ,$0.00 ,T1TQXTN2S96WWHR5YW9WB1DMBW,5.46,64%,Male,18-25,NC
7/12/18,12:44:48,Handmade - Apothecary,1,Sleep Tight,943,$15.00 ,$0.00 ,H5XZXJX3YH1MWRAE4D9EG8EGNW,5.46,64%,Male,26-35,NC
7/12/18,12:44:48,Handmade - Apothecary,1,Bag,1199,$15.00 ,$0.00 ,ZAYQ7QAY1S6PWYS9W1EEABVDGG,5.46,64%,Male,36-45,NC
7/6/18,14:19:48,Vintage Clothing,1,,1223,$15.00 ,$0.00 ,MAGFJV5HY5352NP7CNKVF9AVJR,5.46,64%,Female,26-35,SC
7/6/18,14:19:48,None,1,,1130,$15.00 ,$0.00 ,PXV60T8S5N6DENHDGDS785D8CG,5.46,64%,Female,36-45,SC
7/6/18,14:19:48,Vintage Clothing,1,,1267,$15.00 ,$0.00 ,G4H92AAJ911R4GK3J0WE0AJHJC,5.46,64%,Female,46-55,SC
7/3/18,14:26:50,Handmade - Apothecary,1,Regular,1239,$15.00 ,$0.00 ,X5EXPQ69XD2CYZDPWDDVBT1F94,5.46,64%,Male,18-25,TN
6/29/18,16:25:25,Handmade - Apothecary,1,Energy Boost,1196,$15.00 ,$0.00 ,2TKN576QQX6DGR5P1ADAPMC1QW,5.46,64%,Male,26-35,VA
6/23/18,13:40:28,Handmade - Apothecary,1,Regular,1240,$15.00 ,$0.00 ,FP7FS6P0MD2PCNSYPCTXK4N6Y4,5.46,64%,Female,56-64,GA
6/20/18,16:26:10,Vintage Clothing,1,,1229,$15.00 ,$0.00 ,V99CK1JD352S0JH1RN7RG88Y8C,5.46,64%,Female,18-25,FL
6/16/18,13:45:03,Handmade - Apothecary,1,,942,$15.00 ,$0.00 ,QHE4DA31P96MYQTW46FMK4HD2R,5.46,64%,Male,26-35,FL
6/12/18,14:47:09,Handmade - Apothecary,1,Stress Blend,944,$15.00 ,$0.00 ,", ZGV3RWANQS42ANYC53XGM9DPNR",5.46,64%,Female,56-64,NC
6/1/18,20:34:33,Handmade - Apothecary,1,Stress Blend,944,$15.00 ,($1.50),BZQGE0BM6H5PPKG7CTASZBNVAR,5.46,64%,Female,64+,NC
5/26/18,14:31:45,Handmade - Apothecary,1,Energy Boost,1196,$15.00 ,$0.00 ,PTV24XQDCX0R2N6VKCAWYZDK9M,5.46,64%,Female,18-25,NC
5/25/18,17:14:11,Handmade - Stationery,3,,428,$15.00 ,$0.00 ,BPPYDSD1JD4KYGAXF5TMQYCWX0,5.46,64%,Male,26-35,NC
5/25/18,15:34:55,Handmade - Stationery,3,,855,$15.00 ,$0.00 ,306W1V4CR539AJGR4X6KTMY8DW,5.46,64%,Male,26-35,NC
5/25/18,13:40:39,Vintage Clothing,1,Regular,974,$15.00 ,$0.00 ,RZC4QN1Z5H4CEKTGV07WBMH9PG,5.46,64%,Female,36-45,NC
5/24/18,16:14:07,Handmade - Apothecary,1,Sleep Tight,943,$15.00 ,($2.25),58CJF3GV0545ETT15YZVZ7YSX4,5.46,64%,Female,18-25,NC
5/19/18,17:38:49,Handmade - Stationery,3,,855,$15.00 ,$0.00 ,GESP0JG02N1VGYGAX5TP44ETKG,5.46,64%,Female,26-35,NC
5/16/18,12:21:10,Handmade - Apothecary,1,,944,$15.00 ,$0.00 ,J7B7Y9MKQX0M8Y6499HP12QG2R,5.46,64%,Female,36-45,NC
5/12/18,17:42:53,Handmade - Apothecary,1,,943,$15.00 ,($3.00),ERREFE3E7900PKRX7VY0Q38YG4,5.46,64%,Male,46-55,SC
5/12/18,16:13:41,Handmade - Apothecary,1,,943,$15.00 ,($1.50),GPJ12R5MJ160AV089MBFQRZ130,5.46,64%,Male,18-25,SC
5/12/18,16:13:41,Handmade - Apothecary,1,,944,$15.00 ,($1.50),XJAW70XMCS0GPWBER15C4V7RA8,5.46,64%,Female,26-35,SC
5/11/18,16:21:01,None,1,,1133,$15.00 ,$0.00 ,XZRE393WZ15RRZJZW2XMM9AF04,5.46,64%,Female,36-45,TN
5/11/18,12:37:48,Vintage Accessories,1,Regular,1056,$15.00 ,$0.00 ,RXQQVER3D518YQ0QDS3VVX0Q98,5.46,64%,Female,46-55,VA
5/9/18,13:22:39,Handmade - Apothecary,1,,531,$15.00 ,$0.00 ,A2C5TMA2Q96EAK9XG039JPDJD4,5.46,64%,Female,56-64,VA
5/8/18,13:09:53,Antiques,1,,933,$15.00 ,($2.25),JEGCZZ2MJD6WTY02BMZJ8VKR34,5.46,64%,Male,26-35,GA
5/4/18,18:35:06,Vintage Accessories,1,Regular,802,$15.00 ,($1.50),W4AJXNKP2N4Z4Y8YAH8H3YYE04,5.46,64%,Female,46-55,GA
4/28/18,18:13:01,Handmade - Apothecary,1,,943,$15.00 ,$0.00 ,BBNHPHN4N5176G967GW111QDYG,5.46,64%,Female,64+,FL
4/28/18,17:13:29,Handmade - Apothecary,1,,943,$15.00 ,$0.00 ,K01S9A4K7H0HTVWW5N8WMYYH4R,5.46,64%,Male,18-25,NC
4/28/18,15:23:06,Handmade - Apothecary,1,,531,$15.00 ,$0.00 ,W6DW07TDX1136JJ41446CWA9MG,5.46,64%,Female,26-35,NC
4/28/18,14:46:07,Vintage Clothing,1,,662,$15.00 ,$0.00 ,PFFE7E7FT13C50VXCS630CHBTR,5.46,64%,Female,36-45,NC
4/28/18,12:45:11,None,1,,1144,$15.00 ,$0.00 ,AQB71T98RN7WMK5ATG9THJX3Z8,5.46,64%,Female,18-25,NC
4/24/18,13:23:06,Handmade - Apothecary,1,,942,$15.00 ,$0.00 ,C957K70GVS4TGYRD9P8Q7YNT2C,5.46,64%,Male,36-45,SC
4/6/18,21:02:21,Handmade - Apothecary,1,,943,$15.00 ,($1.50),BA0M523J610FMVRF9XYQSYB700,5.46,64%,Female,18-25,SC
4/6/18,21:02:21,Handmade - Apothecary,1,,944,$15.00 ,($1.50),AZ4T08WCNH2N0TQA1HCFQED484,5.46,64%,Female,36-45,VA
4/6/18,19:12:51,Antiques,1,Regular,898,$15.00 ,($1.50),MH0Q3GHJ311B6QV2P27K038V4M,5.46,64%,Female,46-55,VA
4/6/18,19:10:10,Antiques,1,,924,$15.00 ,($1.50),SND7BE5KGS71RPRBJZSBJBG3JR,5.46,64%,Male,18-25,GA
4/4/18,17:03:07,Handmade - Apothecary,1,,531,$15.00 ,$0.00 ,TFJK4WRHJ11Y4QYMQNZWB55AXR,5.46,64%,Female,26-35,FL
3/16/18,13:16:42,Handmade - Apothecary,1,,942,$15.00 ,$0.00 ,4X6KQ8JZ9H026J20JMDTWGV1V8,5.46,64%,Female,36-45,FL
3/3/18,14:21:10,Handmade - Apothecary,1,,531,$15.00 ,$0.00 ,QKXTZR4KT10ECZAF58Y0E17W20,5.46,64%,Female,46-55,NC
3/2/18,19:36:11,Handmade - Apothecary,1,,942,$15.00 ,($1.50),C8NVR159RD28EJ7DFQG44Z91MG,5.46,64%,Female,56-64,NC
2/24/18,17:45:15,Handmade - Apothecary,1,,943,$15.00 ,$0.00 ,8A4HSC2CFN1KYMAHNKMQD7D57M,5.46,64%,Male,64+,NC
2/24/18,16:00:45,Antiques,1,,915,$15.00 ,$0.00 ,7EKFV6JMCX4B4W3ZQ3WCXKHMEC,5.46,64%,Male,18-25,NC
2/17/18,16:53:08,Handmade - Apothecary,1,,531,$15.00 ,($2.25),CA57V8X28D1J8JT1TPDJ3BE75R,5.46,64%,Female,26-35,NC
2/14/18,16:52:48,Handmade - Apothecary,1,,530,$15.00 ,$0.00 ,BGADVGVPRX21AV8565F70HZE0R,5.46,64%,Female,36-45,NC
2/13/18,19:05:52,Handmade - Apothecary,1,,530,$15.00 ,($2.25),7YSR0J728S7Q0VT3DFCXSS9458,5.46,64%,Male,26-35,NC
2/6/18,14:17:30,Handmade - Apothecary,1,,530,$15.00 ,$0.00 ,V8EGPP79BX3MJXH68K5DMTY910,5.46,64%,Male,36-45,NC
2/2/18,20:58:23,Handmade - Jewelry,1,Regular,893,$15.00 ,($1.50),NZPJT1XGCX7DTNNYST5HVS7QNG,5.46,64%,Female,46-55,NC
1/27/18,17:32:02,Handmade - Artwork,1,,57,$15.00 ,$0.00 ,837S1TPTZN1QJMFSQT22D3X6D0,5.46,64%,Female,18-25,SC
1/19/18,18:42:27,Handmade - Artwork,1,,357,$15.00 ,$0.00 ,E2GPTFVMGS5WJY47YAG1SYP0KG,5.46,64%,Female,36-45,SC
12/30/17,16:06:11,Handmade - Artwork,1,,57,$15.00 ,$0.00 ,FM9801NFNN230SDGQDY9170ENM,5.46,64%,Male,56-64,VA
12/29/17,16:41:33,Handmade - Apothecary,1,,530,$15.00 ,$0.00 ,G80EWAY8753BPRMAWBY5YCTT6W,5.46,64%,Female,26-35,VA
12/29/17,16:35:34,Handmade - Artwork,1,,357,$15.00 ,$0.00 ,HN51TCB5FS37EQGCE23YHZK9YM,5.46,64%,Female,36-45,GA
12/26/17,14:03:00,Handmade - Artwork,1,,57,$15.00 ,($2.25),KTW0AHTHCD562NC6YJ212TFKKC,5.46,64%,Female,46-55,GA
12/24/17,12:49:49,Handmade - Apothecary,1,,531,$15.00 ,($2.25),F1ECVVJWMX5ZPPF0FT9RMTV22W,5.46,64%,Male,56-64,GA
12/20/17,13:52:25,Handmade - Artwork,1,,57,$15.00 ,($2.25),GE3Y2GS9W90SPS9QN3CG0E7QDR,5.46,64%,Male,64+,GA
12/13/17,12:24:33,Handmade - Artwork,1,,357,$15.00 ,($2.25),7EK0K98G1X0XWJADH6JZXPGA0M,5.46,64%,Male,18-25,FL
12/9/17,14:44:24,Handmade - Artwork,1,,357,$15.00 ,$0.00 ,WQDZMCNTZD6TEXBKQPKDQ615QM,5.46,64%,Female,26-35,FL
12/6/17,15:13:50,Handmade - Artwork,1,,357,$15.00 ,($2.25),R1N8R1RM6X50TGBWJ4GM2CE9QW,5.46,64%,Female,18-25,NC
12/6/17,14:10:20,Handmade - Artwork,1,,57,$15.00 ,$0.00 ,NF5M428PVX52CGATQR32ZVT3YW,5.46,64%,Male,18-25,NC
12/2/17,16:53:16,Handmade - Apothecary,1,,531,$15.00 ,($2.25),24P6WETHYD404Q4M3KQJF64370,5.46,64%,Male,26-35,NC
11/24/17,19:08:16,Handmade - Artwork,1,,57,$15.00 ,($3.00),J30S6SWJYN3T6K86R5HEW26GZC,5.46,64%,Male,46-55,VA
11/24/17,17:21:54,Handmade - Artwork,1,,57,$15.00 ,($3.00),YCCCY1X31N0DAHX5PXCJNXDTE8,5.46,64%,Female,26-35,GA
11/24/17,15:55:06,Antiques,1,,540,$15.00 ,($3.00),8BPWRCMKHD7VCPEB0B6EKPM86C,5.46,64%,Male,46-55,FL
11/24/17,13:13:38,Antiques,1,,624,$15.00 ,($3.00),0JBR31QSW92JGW5HSHH4EEPCF4,5.46,64%,Male,56-64,NC
11/24/17,11:50:06,Handmade - Apothecary,1,,529,$15.00 ,($3.00),GFWZQMTWVH4GWPBDP0Z8JFGC0R,5.46,64%,Male,64+,NC
11/18/17,14:48:51,Vintage Clothing,1,,51,$15.00 ,$0.00 ,XJNFPVM10565CSJF72Q58Z9E68,5.46,64%,Female,26-35,NC
11/14/17,16:01:31,Handmade - Artwork,1,,57,$15.00 ,$0.00 ,6459E2DCWD340MY4XN6YG6BF8W,5.46,64%,Female,18-25,NC
11/11/17,16:04:26,Handmade - Apothecary,1,,530,$15.00 ,($2.25),8ZJC42RGJ957TVW0W8BCM9VGKR,5.46,64%,Female,26-35,NC
11/3/17,12:20:21,Handmade - Home,1,,437,$15.00 ,$0.00 ,", 776X8YA6793ZJY98QYY7KPPFC0",5.46,64%,Male,36-45,NC
10/14/17,14:54:59,Handmade - Artwork,1,,357,$15.00 ,$0.00 ,8Y8KQ3JV912ZMWHTGJKD3KDHB0,5.46,64%,Male,18-25,NC
9/29/18,14:31:38,Handmade - Jewelry,1,,396,$14.99 ,($3.00),T82FBRMQR51B6Q2NHTJSRD848C,5.46,64%,Female,26-35,NC
9/29/18,14:25:21,Handmade - Pottery,1,,162,$14.99 ,($3.00),8R8VM99Y9D5YJT9NGDC5PG3XJ4,5.46,64%,Female,18-25,NC
9/19/18,14:47:55,Handmade - Jewelry,1,,395,$14.99 ,($3.00),2JNT5W205S3MPMKA7BQTVY5W08,5.46,64%,Male,26-35,SC
9/19/18,14:47:55,Handmade - Jewelry,1,,400,$14.99 ,($3.00),X0WNQ1WJMN5XCRAPP4M620BTF0,5.46,64%,Male,36-45,SC
8/30/18,14:37:43,Handmade - Jewelry,1,,400,$14.99 ,($3.00),KHKT8ZF7ZX7FATT4SBEZ349210,5.46,64%,Female,46-55,SC
8/25/18,12:09:07,Handmade - Jewelry,1,,410,$14.99 ,$0.00 ,YAT8T6R6KD6J8TCWWJETY2PZMC,5.46,64%,Female,18-25,VA
7/7/18,12:41:02,Handmade - Jewelry,1,Regular,845,$14.99 ,$0.00 ,HNHFR2G1A119JSRVEQFD0K0900,5.46,64%,Female,26-35,VA
7/6/18,19:49:06,Handmade - Jewelry,1,,412,$14.99 ,($1.50),884YM9YCBH3YYWJTZAJVZTYG80,5.46,64%,Male,46-55,GA
6/21/18,15:14:27,Handmade - Jewelry,1,,409,$14.99 ,$0.00 ,2W1GDSWBP9098KTBZERMCS1MP8,5.46,64%,Female,18-25,GA
6/15/18,15:27:00,Handmade - Candles,1,"""Autumn""",367,$14.99 ,$0.00 ,8VKQ9ATEYD5BGZ62NBKBW2A63C,5.46,64%,Female,26-35,FL
6/12/18,14:12:05,Handmade - Candles,1,"""Autumn""",367,$14.99 ,$0.00 ,PXEJPGYGD544CH39YPB5BCJ75G,5.46,64%,Male,26-35,NC
5/19/18,16:53:46,Handmade - Candles,1,,169,$14.99 ,($2.25),3FM6CE27ZH6M8YSDCG8XMADRRC,5.46,64%,Male,36-45,NC
5/11/18,15:18:12,Handmade - Candles,1,,489,$14.99 ,$0.00 ,TZATFDPES132RK4HR64N9FZ76G,5.46,64%,Female,18-25,NC
5/4/18,20:04:50,Handmade - Candles,1,,489,$14.99 ,($1.50),DCB4R69HFS0JTQDN3AJ3K6DB04,5.46,64%,Female,26-35,NC
4/26/18,14:06:17,Handmade - Candles,1,,489,$14.99 ,$0.00 ,KQEYKCB7R52G2JHGGVSDSK9V98,5.46,64%,Male,18-25,SC
4/24/18,13:28:25,Handmade - Candles,1,,489,$14.99 ,$0.00 ,46PTNJB781154VZ5QQYWQVG47M,5.46,64%,Male,26-35,SC
4/24/18,13:09:59,Handmade - Candles,1,,489,$14.99 ,$0.00 ,932WKDSJXS4SEH75X5EPADNNCC,5.46,64%,Female,46-55,TN
4/3/18,16:47:00,Handmade - Candles,1,,489,$14.99 ,$0.00 ,YRA83FFMM531MTPCB4QRNPWPTC,5.46,64%,Female,56-64,VA
10/6/18,17:20:19,Handmade - Stationery,1,Flower Power,1028,$14.00 ,$0.00 ,ZFTPWBDJNS462Y5RBA4HQ12560,5.46,61%,Male,26-35,GA
10/4/18,13:29:05,Vintage Clothing,1,,1361,$14.00 ,($2.80),PP9QDTPAGH76TSBQVBWVGH791G,5.46,61%,Female,18-25,NC
9/29/18,18:15:21,Vintage Clothing,1,,1428,$14.00 ,$0.00 ,9E7Y9VXWX53A4SH1V0XBGRS73G,5.46,61%,Female,26-35,NC
9/29/18,17:35:14,Antiques,2,,544,$14.00 ,($2.10),72S0ZJJ6FX3CRWB7GDF2J9VK64,5.46,61%,Male,18-25,NC
9/12/18,12:14:16,None,1,,1146,$14.00 ,($2.80),46JZSNVSFD6CCS0YSG8EWKGAPM,5.46,61%,Male,26-35,NC
9/11/18,16:24:27,Vintage Clothing,1,,1559,$14.00 ,$0.00 ,RGH05QG64H3YYN6YCXGBR7FSXC,5.46,61%,Female,36-45,NC
9/8/18,14:40:44,Vintage Clothing,1,,1608,$14.00 ,($1.40),Y6TWBPPQGN1X6HTCCJBDEF7FCR,5.46,61%,Female,18-25,NC
9/8/18,14:34:10,Handmade - Stationery,1,Flower Power,1028,$14.00 ,($1.40),NP15TMYZX934ASZ37B2KZD0SPW,5.46,61%,Female,26-35,NC
9/5/18,17:25:33,Handmade - Apothecary,1,Restore,1152,$14.00 ,$0.00 ,P62PWP4GTH3M6WRRFVSTE9DB7R,5.46,61%,Male,46-55,NC
9/1/18,14:41:27,Custom Merchandise,1,Regular,533,$14.00 ,$0.00 ,QPSV7J1MQN0REM89KFXFF77XXR,5.46,61%,Male,18-25,NC
8/31/18,13:59:24,Vintage Accessories,2,Regular,1620,$14.00 ,$0.00 ,1H8MHDPYA5526NH98Y216QKGP0,5.46,61%,Female,26-35,NC
8/31/18,13:47:14,Vintage Clothing,1,,1205,$14.00 ,$0.00 ,YRHAYTKYA57QEY4JCWNPFE9DVC,5.46,61%,Female,36-45,SC
8/29/18,13:53:17,Antiques,1,,1546,$14.00 ,$0.00 ,DMACEWPYN977MY08KC4FK6SXR4,5.46,61%,Female,46-55,SC
8/29/18,13:42:49,Vintage Clothing,1,,1437,$14.00 ,$0.00 ,VE8BS1W1PD5S8VWJE351DEC4P8,5.46,61%,Male,18-25,TN
8/25/18,18:34:35,Custom Merchandise,1,Regular,533,$14.00 ,$0.00 ,S651SDQXD16NTNJQ6GBKG9C83R,5.46,61%,Male,26-35,VA
8/25/18,18:33:05,Vintage Clothing,1,,1444,$14.00 ,$0.00 ,WPW7XG4X2X3K0SD1DJ2719YAC4,5.46,61%,Male,36-45,VA
8/18/18,15:25:37,Custom Merchandise,1,Regular,533,$14.00 ,($1.40),F5GT3JYWN521GY625QFN8HFPP8,5.46,61%,Female,64+,GA
8/17/18,13:33:44,Vintage Clothing,1,,1446,$14.00 ,$0.00 ,7X885FRWFS3D8QA1X08ZZNAAP4,5.46,61%,Female,18-25,GA
8/11/18,17:39:23,Antiques,2,,544,$14.00 ,$0.00 ,T6WHE8GFC54FGTFZS0A33XSYYC,5.46,61%,Male,18-25,FL
8/11/18,17:30:48,Vintage Clothing,1,,1426,$14.00 ,($2.10),MSYQ5JYES16D0YY7TJTP7ZWP6R,5.46,61%,Female,18-25,NC
8/11/18,15:05:14,Custom Merchandise,1,Regular,533,$14.00 ,$0.00 ,RCNMVFHAP9242JGBNF82DJTFQR,5.46,61%,Female,26-35,NC
8/3/18,19:05:37,Custom Merchandise,1,Regular,533,$14.00 ,($1.40),5WBQHBCH59506ZPMTH59JEF6KW,5.46,61%,Male,36-45,NC
8/3/18,16:20:21,Handmade - Apothecary,1,"Honey, Relax",1154,$14.00 ,($2.10),PP54D4VMHD6RMYQCKHVNQ53P14,5.46,61%,Female,18-25,NC
7/28/18,12:33:14,Handmade - Jewelry,1,,420,$14.00 ,$0.00 ,0DERM3XMVD3FEV651N5E0NDJGW,5.46,61%,Female,26-35,SC
7/26/18,13:26:41,Vintage Clothing,1,,1364,$14.00 ,$0.00 ,R1TBAR944X3JRZY9V0GS8TRGP0,5.46,61%,Female,36-45,SC
7/25/18,17:27:07,Handmade - Apothecary,1,,532,$14.00 ,$0.00 ,NS72QTHR4D0N4YX9HBJ1R8C4A8,5.46,61%,Female,46-55,SC
7/25/18,17:27:07,Handmade - Apothecary,1,,532,$14.00 ,$0.00 ,VEHPTMD8MD1TPSWGG4DJEEKPW4,5.46,61%,Male,18-25,VA
7/25/18,17:27:07,Handmade - Apothecary,1,,523,$14.00 ,$0.00 ,NWJBA1Y8E113RRPHWJ0B09262W,5.46,61%,Female,26-35,GA
7/25/18,17:27:07,Handmade - Apothecary,1,Restore,1152,$14.00 ,$0.00 ,N7BDQ0F39D0T0MFWGTTYJQJQX0,5.46,61%,Male,64+,NC
7/24/18,15:08:47,Custom Merchandise,1,Regular,533,$14.00 ,$0.00 ,5401PGE11D6WMK4FBQ56XG12MW,5.46,61%,Female,18-25,NC
7/24/18,15:04:33,Custom Merchandise,1,Regular,533,$14.00 ,$0.00 ,", RR8AW7K1FS3H8KZMZP0AZM0RNG",5.46,61%,Female,46-55,NC
7/21/18,17:29:00,Handmade - Apothecary,1,,523,$14.00 ,$0.00 ,386CCCYRZD6YRS38CR6PJC95GG,5.46,61%,Female,18-25,NC
7/21/18,17:29:00,Handmade - Apothecary,1,Medicinal Mushroom Medley,1151,$14.00 ,$0.00 ,47VVHX45Z54XWVPXANAZ449CPC,5.46,61%,Male,56-64,SC
7/19/18,16:19:02,Vintage Clothing,1,,1383,$14.00 ,$0.00 ,WF0EB9SV411Q8N0NHFG7M0QJ14,5.46,61%,Female,36-45,VA
7/18/18,18:03:18,Vintage Accessories,1,Regular,1310,$14.00 ,$0.00 ,Z1WYBMATY16YAPY1MXA71HT16C,5.46,61%,Female,46-55,VA
7/17/18,13:16:59,Antiques,2,,544,$14.00 ,$0.00 ,JQTEADDH9X42PYSSZCH2XCDMXM,5.46,61%,Female,18-25,GA
7/13/18,18:42:08,Vintage Accessories,1,,265,$14.00 ,$0.00 ,F7CXBFYY41666W02C6K0PY10F8,5.46,61%,Female,26-35,GA
7/11/18,17:17:32,Handmade - Jewelry,1,,420,$14.00 ,$0.00 ,9ZKF6BYPQS7FTRHXBQT5FXPMMG,5.46,61%,Female,18-25,FL
7/11/18,16:51:01,Custom Merchandise,1,Regular,533,$14.00 ,$0.00 ,NG2M2EQ4XH0KYZDPZVDJC513Q4,5.46,61%,Female,26-35,FL
7/10/18,12:20:00,Antiques,2,,544,$14.00 ,$0.00 ,1655GFS0HH590ZF54F9FR58828,5.46,61%,Male,36-45,NC
7/6/18,14:19:48,Vintage Clothing,1,,326,$14.00 ,$0.00 ,94ZTW2EXYX5VMGHRJHM3YD49JR,5.46,61%,Male,18-25,NC
7/4/18,13:27:07,Custom Merchandise,1,Regular,533,$14.00 ,($2.10),FF8AV9TTNH77RZ16HP1W3QF8VC,5.46,61%,Female,36-45,NC
7/3/18,12:44:41,Handmade - Apothecary,1,,523,$14.00 ,$0.00 ,RJMQ1C3TPD1C2YSBBM9J94JD6C,5.46,61%,Female,46-55,NC
6/21/18,15:14:27,Handmade - Jewelry,1,,420,$14.00 ,$0.00 ,M1RHDJ8EJ544EYMC9N6XDC6BK4,5.46,61%,Male,26-35,SC
6/21/18,12:50:16,Handmade - Apothecary,1,Get Lifted,1153,$14.00 ,$0.00 ,AX6N59NKYD6WZ78J96NYCD1870,5.46,61%,Male,36-45,SC
6/16/18,16:32:42,Custom Merchandise,1,Regular,533,$14.00 ,$0.00 ,10KJ0FC835138HNDR65WTXR7EW,5.46,61%,Male,46-55,SC
6/16/18,15:00:06,None,1,,1075,$14.00 ,$0.00 ,7GSSM6VB696S6RZWKY5W1G9SBC,5.46,61%,Female,18-25,VA
6/16/18,13:45:03,Handmade - Apothecary,1,Regular,1155,$14.00 ,$0.00 ,RRHD1EC5BD6JWV6RSED1MFRZAC,5.46,61%,Female,36-45,GA
6/14/18,16:35:29,Handmade - Apothecary,1,,523,$14.00 ,$0.00 ,MHYF89389N76PM0Z7Y0NHKAM0R,5.46,61%,Male,56-64,FL
6/9/18,16:57:06,Handmade - Jewelry,1,,419,$14.00 ,($2.80),VY7QEEK0B1584MVD2X9EZCYT54,5.46,61%,Female,64+,FL
6/9/18,13:57:02,Handmade - Jewelry,1,,418,$14.00 ,($1.40),YY73DZQREN6VAN173Y1V9T344C,5.46,61%,Female,26-35,NC
6/8/18,17:17:28,Antiques,2,,544,$14.00 ,$0.00 ,GZNENE4FK10SPS151MRY8RBRAC,5.46,61%,Male,36-45,NC
6/7/18,14:31:03,Handmade - Jewelry,1,,418,$14.00 ,$0.00 ,SZ6JR45HBD59MJVSS27J2TND6G,5.46,61%,Female,26-35,NC
6/6/18,13:49:23,Handmade - Apothecary,1,"Honey, Relax",1154,$14.00 ,$0.00 ,AA83T27RHS6QTXC6V0CN7BJKE4,5.46,61%,Female,36-45,NC
6/2/18,16:07:54,Handmade - Apothecary,1,Get Lifted,1153,$14.00 ,$0.00 ,4RMYME115H73PK8GBHRFFFE0C4,5.46,61%,Female,46-55,NC
5/25/18,12:50:06,None,1,,1138,$14.00 ,$0.00 ,PCG8DVFAJN0F0NW8E8GH0ZW1B0,5.46,61%,Male,26-35,NC
5/23/18,13:45:15,Vintage Clothing,1,,593,$14.00 ,$0.00 ,G2QARWXSZH22EG2YVB8BZ6DQ20,5.46,61%,Male,36-45,NC
5/20/18,16:11:38,Handmade - Apothecary,1,Regular,1155,$14.00 ,$0.00 ,G1TE9PN2CX5VYX4K4MYVB4Z4KC,5.46,61%,Female,46-55,SC
5/20/18,16:05:24,Handmade - Apothecary,1,Get Lifted,1153,$14.00 ,$0.00 ,KQ1ZXTAD2D0REH1KN0WDBWXK58,5.46,61%,Female,18-25,SC
5/19/18,16:03:48,Handmade - Apothecary,1,,532,$14.00 ,$0.00 ,98N9J0ATGX0D1AEFH4J2N5W33W,5.46,61%,Female,26-35,TN
5/19/18,16:03:48,Custom Merchandise,1,Regular,533,$14.00 ,$0.00 ,B7R2CAE669294WAA4CRAB3JK7C,5.46,61%,Male,46-55,VA
5/16/18,13:10:08,Handmade - Apothecary,1,,523,$14.00 ,$0.00 ,NSR1THSAFN3VGMJAZE6BV882HC,5.46,61%,Female,18-25,GA
5/15/18,17:54:32,Handmade - Apothecary,1,Sweet Dreams,1150,$14.00 ,$0.00 ,W2JQQEHWMD2JGGC7GK5T4X3J20,5.46,61%,Male,18-25,GA
5/12/18,17:42:53,Handmade - Apothecary,1,Regular,1155,$14.00 ,($2.80),MAN6PY23Z54ECMHTSHCKPXR1BM,5.46,61%,Male,26-35,FL
5/10/18,19:28:28,Handmade - Jewelry,1,,418,$14.00 ,($1.40),EWPS9K20XD7P6NN3G7F3KPNJMG,5.46,61%,Female,18-25,NC
4/28/18,14:46:07,Custom Merchandise,1,Regular,533,$14.00 ,$0.00 ,5FEDYWMFQD5WTHC3H0X6AYEW64,5.46,61%,Female,26-35,NC
4/27/18,17:06:11,Custom Merchandise,1,Regular,533,$14.00 ,$0.00 ,NMG0MS9FWS206M319AB41V4PGG,5.46,61%,Male,46-55,NC
4/27/18,16:15:23,Vintage Clothing,1,,335,$14.00 ,$0.00 ,8P9QXJXQ4X17WS6YF5J9FMP9M8,5.46,61%,Male,18-25,NC
4/26/18,16:46:59,Handmade - Jewelry,1,,419,$14.00 ,$0.00 ,VVJ3H16FMH7J96TPMXV02EB5TR,5.46,61%,Male,26-35,NC
4/20/18,17:33:24,Antiques,1,,923,$14.00 ,$0.00 ,5TA2Q4AN0S1AASX6VW7249GQGM,5.46,61%,Female,36-45,SC
4/17/18,16:07:51,Handmade - Apothecary,1,,532,$14.00 ,$0.00 ,HTZBTPJ1JD47TYEGQ6MRKDAR0W,5.46,61%,Female,18-25,TN
4/14/18,17:02:41,Custom Merchandise,1,Regular,533,$14.00 ,($2.80),N5APR6WEAH3ZPRS1ANH533KCK4,5.46,61%,Male,36-45,VA
4/14/18,16:03:02,Antiques,2,,534,$14.00 ,($1.40),3RTYSH5HKN7KAH0VFFX7BBKP94,5.46,61%,Female,64+,FL
4/13/18,14:10:21,Antiques,1,Regular,806,$14.00 ,$0.00 ,8NK6ZGAGN56KPM1XG95PE98JXM,5.46,61%,Female,18-25,FL
4/12/18,15:20:46,Vintage Clothing,1,Regular,865,$14.00 ,$0.00 ,PR6Z1P9A3N4SMY5AWCKJTV8STM,5.46,61%,Male,26-35,NC
4/10/18,13:43:40,Handmade - Apothecary,1,,523,$14.00 ,$0.00 ,Q9YRN2YX0H018ZB14RJPYWDV1G,5.46,61%,Female,36-45,NC
4/7/18,18:08:05,Antiques,1,,101,$14.00 ,$0.00 ,ARAZ57BJRN5QGH5SK4Y0W2EZCW,5.46,61%,Female,18-25,NC
4/6/18,19:36:37,Handmade - Jewelry,1,,420,$14.00 ,($1.40),QH7DVX6N1D498VTMVHY6XBKGWW,5.46,61%,Male,18-25,NC
4/6/18,19:24:25,Handmade - Jewelry,1,,418,$14.00 ,($1.40),6EZRR8JXMD0EPZGP6E34M9EVWM,5.46,61%,Female,36-45,NC
4/6/18,18:46:42,Vintage Clothing,1,,330,$14.00 ,($1.40),CP3VYYQMEN2KCJR3WV5AFN3M5C,5.46,61%,Female,56-64,SC
3/31/18,16:35:05,Custom Merchandise,1,Regular,533,$14.00 ,$0.00 ,ZJVFHH7Q1D3C0K2HK0QW65GXH8,5.46,61%,Female,36-45,TN
3/31/18,13:03:00,Custom Merchandise,1,Regular,533,$14.00 ,$0.00 ,VGN0BKZJ2D26EYR799YYRG2GJR,5.46,61%,Female,64+,VA
3/28/18,14:54:43,Handmade - Apothecary,1,,523,$14.00 ,$0.00 ,628DGQRDX17METXQXJN2E7ET84,5.46,61%,Female,18-25,GA
3/24/18,17:27:55,Antiques,1,,84,$14.00 ,$0.00 ,MG9TFYPN556ZRP6QMDRN30VJZC,5.46,61%,Female,36-45,FL
3/23/18,15:49:29,Vintage Clothing,1,Regular,972,$14.00 ,$0.00 ,VFMMVD5N69686HVJHJ00F5WNFG,5.46,61%,Female,18-25,FL
3/20/18,14:26:57,Custom Merchandise,1,Regular,533,$14.00 ,$0.00 ,BBKFD6EQ8X7FMMKMVNB4Q00588,5.46,61%,Male,36-45,NC
3/20/18,13:26:35,Custom Merchandise,1,Regular,533,$14.00 ,$0.00 ,PRKJ0Z80RX746TFTGRGFHCWRYC,5.46,61%,Male,46-55,NC
3/17/18,12:17:46,Vintage Clothing,1,,10,$14.00 ,$0.00 ,7PVVP1YQCN2EEWZ48KQSGFDM1M,5.46,61%,Female,26-35,NC
3/14/18,16:39:34,Handmade - Jewelry,1,,420,$14.00 ,$0.00 ,X580FWRZ9D460SHM4202CG4YC0,5.46,61%,Female,36-45,NC
3/10/18,12:49:47,Handmade - Jewelry,1,,418,$14.00 ,($2.10),HRZC1W3S1D5C0XHC7VNQD6DTKW,5.46,61%,Female,46-55,SC
3/10/18,12:45:04,Custom Merchandise,1,Regular,533,$14.00 ,$0.00 ,9S7E0S5RD12Q6PTVRJBGXAWP7R,5.46,61%,Male,18-25,SC
3/9/18,18:02:59,Handmade - Apothecary,1,,523,$14.00 ,$0.00 ,FFSHBM8JT94NRRK1H1QEP107ER,5.46,61%,Male,56-64,GA
3/3/18,12:36:09,Handmade - Jewelry,1,,419,$14.00 ,$0.00 ,B1RQ7KZ4CN0GGRR3BWGD6TSWVM,5.46,61%,Male,18-25,NC
3/2/18,18:40:47,Antiques,1,,947,$14.00 ,($1.40),CH8XH045SS4HMRS6KP28GPTN5M,5.46,61%,Male,26-35,NC
3/2/18,18:40:47,Antiques,2,,544,$14.00 ,($1.40),2SJ9CR8A3H5DENT6NBQCEADCFR,5.46,61%,Female,46-55,NC
2/27/18,15:52:22,Handmade - Apothecary,1,,523,$14.00 ,$0.00 ,13385T8XT1486Z4F4J0SCANKB4,5.46,61%,Female,26-35,NC
2/23/18,16:32:38,Antiques,1,Regular,76,$14.00 ,($2.10),ZB2E5P2AN92N6QEXKCBY30F8R4,5.46,61%,Female,56-64,SC
2/17/18,15:08:54,Handmade - Apothecary,1,,523,$14.00 ,$0.00 ,S5CAVPHYG97V2PXWGMJT1MANKW,5.46,61%,Female,18-25,SC
2/17/18,13:32:26,Custom Merchandise,1,Regular,533,$14.00 ,$0.00 ,HNNH2H9HT902JHM22C8C2ZWT7M,5.46,61%,Female,26-35,SC
2/16/18,16:07:01,Custom Merchandise,1,Regular,533,$14.00 ,($2.10),RS2MJ54GZH0EEPQ0VE23D39XPW,5.46,61%,Female,36-45,TN
2/13/18,12:36:43,Handmade - Apothecary,1,,523,$14.00 ,$0.00 ,A04PNRFBRN3X2H4VCFS3GPXTSR,5.46,61%,Male,46-55,VA
2/13/18,12:36:43,Vintage Accessories,1,,432,$14.00 ,$0.00 ,39YFBD22TS71MZ1R966B3B276C,5.46,61%,Male,56-64,VA
2/8/18,13:26:55,Handmade - Apothecary,1,,532,$14.00 ,$0.00 ,DX6DT54NJN3QENPF9C1RCA63P8,5.46,61%,Female,18-25,GA
2/3/18,12:49:02,Handmade - Jewelry,1,,419,$14.00 ,$0.00 ,956DN4EHZD74YYZK3TR0HQWJYR,5.46,61%,Female,26-35,GA
2/2/18,19:32:00,Handmade - Apothecary,1,,523,$14.00 ,($1.40),PGX8DVWN112KTZ375K5TZ7348R,5.46,61%,Male,18-25,FL
2/2/18,17:32:13,Handmade - Jewelry,1,,419,$14.00 ,($1.40),KQ1E6AGPZ1400KJ5CFD42XWFTC,5.46,61%,Female,26-35,NC
2/1/18,13:41:15,Custom Merchandise,1,Regular,533,$14.00 ,$0.00 ,SJFMYSPK0S7PTXSHWATKBCV0R4,5.46,61%,Female,36-45,NC
2/1/18,12:14:10,Handmade - Jewelry,1,,418,$14.00 ,$0.00 ,C4MJ0744Z10Y4XDY6FQERPMW7R,5.46,61%,Male,26-35,NC
1/31/18,15:36:54,Handmade - Apothecary,1,,532,$14.00 ,$0.00 ,CMAGXQCYYH0WJWXR0HTD4DVX0M,5.46,61%,Male,36-45,NC
1/27/18,14:19:01,Handmade - Jewelry,1,,418,$14.00 ,$0.00 ,BZBM5WMM2S6KWMA0JGYYBYMHRW,5.46,61%,Female,46-55,SC
1/19/18,16:00:34,Handmade - Apothecary,1,,532,$14.00 ,$0.00 ,HPP4V1PZA96YEV215WYG6J5WMM,5.46,61%,Female,56-64,SC
1/16/18,13:22:16,Antiques,1,,373,$14.00 ,($2.10),Q6P0SK7T512GEN5VR4J7CRPMYW,5.46,61%,Female,18-25,SC
1/12/18,16:59:22,Handmade - Apothecary,1,,532,$14.00 ,$0.00 ,Q8ERJAEJM10E8QHANSQGFH7EQ4,5.46,61%,Female,26-35,TN
1/12/18,15:27:30,Handmade - Apothecary,1,,532,$14.00 ,$0.00 ,PPCN0ACDB5498SDYA2EXTTJZ5M,5.46,61%,Male,36-45,VA
1/12/18,12:46:08,Handmade - Jewelry,1,,419,$14.00 ,$0.00 ,QDNAHFW7717X2GYHDN8RWWWQZC,5.46,61%,Female,56-64,GA
1/5/18,14:01:39,Handmade - Apothecary,1,,523,$14.00 ,($2.10),FQD87W9FNN7MCM7GNJ7FXHPN2W,5.46,61%,Female,18-25,FL
12/30/17,18:04:24,Custom Merchandise,1,Regular,533,$14.00 ,($2.10),9J0W3041NS430QA9058NJT35KW,5.46,61%,Female,26-35,FL
12/30/17,15:14:56,Handmade - Jewelry,1,,419,$14.00 ,$0.00 ,QFFCXWZA7D7N2W69PK1FD3SCZ8,5.46,61%,Male,26-35,NC
12/29/17,18:52:12,Handmade - Apothecary,1,,523,$14.00 ,$0.00 ,BWD8N4MAA125ERCQCRCF4KMH5G,5.46,61%,Male,36-45,NC
12/28/17,17:07:00,Handmade - Jewelry,1,,420,$14.00 ,$0.00 ,247HB9J9ED01RQ524B9E6GJZ10,5.46,61%,Female,18-25,NC
12/28/17,16:39:49,Handmade - Apothecary,1,,532,$14.00 ,($2.10),PY8VBR7EQD136SE8DMJC3AVYPC,5.46,61%,Female,26-35,NC
12/26/17,15:57:47,Vintage Accessories,1,,134,$14.00 ,$0.00 ,MAXQPKDKCN1F2WVAP64H820K8M,5.46,61%,Female,36-45,NC
12/26/17,14:45:30,Handmade - Jewelry,1,,418,$14.00 ,$0.00 ,PZQ50CAYF55AAPE1EFZGD697F0,5.46,61%,Female,46-55,NC
12/24/17,12:49:49,Handmade - Apothecary,1,,532,$14.00 ,($2.10),FJPENEQBKD3KRK2PHNETDXQY2C,5.46,61%,Male,26-35,NC
12/14/17,16:04:01,Handmade - Apothecary,1,,532,$14.00 ,$0.00 ,R08HRJ8APH3X0TKNPQY6DCYWPR,5.46,61%,Female,46-55,NC
12/13/17,12:24:33,Custom Merchandise,1,Regular,533,$14.00 ,($2.10),9Y38X0BXDS76CQENPX4RNQKEMC,5.46,61%,Female,18-25,SC
12/7/17,12:15:05,Handmade - Apothecary,1,,532,$14.00 ,$0.00 ,7VSN2PDQYN09JH4AY4220X0YYM,5.46,61%,Male,26-35,SC
12/2/17,16:53:16,Custom Merchandise,1,Regular,533,$14.00 ,($2.10),EBYPSC360N7R2TYPBZHAAPJ9M8,5.46,61%,Female,56-64,VA
12/1/17,20:53:51,Vintage Clothing,1,,323,$14.00 ,($1.40),HVESJB7K3N0QGKSRWRSRW4J80G,5.46,61%,Male,26-35,GA
12/1/17,19:32:41,Custom Merchandise,1,Regular,533,$14.00 ,($1.40),H289N68S3S19RSSMVV3WSGRNJR,5.46,61%,Female,18-25,FL
12/1/17,16:26:27,Vintage Accessories,7,,383,$14.00 ,($1.40),WX4TSXYY6H49AQNNZ31B6VV6ZC,5.46,61%,Female,26-35,FL
11/25/17,16:35:15,Handmade - Apothecary,1,,523,$14.00 ,($2.80),4DF7CY4YTX4WYTV84MR95ETE60,5.46,61%,Female,26-35,NC
11/25/17,16:21:55,Vintage Accessories,1,,121,$14.00 ,($2.80),S6GXF2Q3J94S4PK52FGGFZD6BM,5.46,61%,Female,36-45,NC
11/25/17,12:23:35,Antiques,1,,619,$14.00 ,($2.80),VW06DCCZ9D0F0JB5036Y0MR1CM,5.46,61%,Female,46-55,NC
11/25/17,11:13:23,Custom Merchandise,1,Regular,533,$14.00 ,($2.80),T4N77QWC013AMXSMV1HKX5NZWW,5.46,61%,Female,56-64,SC
11/24/17,19:08:16,Vintage Clothing,1,,340,$14.00 ,($2.80),8RNNHNWDFS5F2R63XFWJJEF2AG,5.46,61%,Male,18-25,SC
11/24/17,17:01:36,Handmade - Jewelry,1,,419,$14.00 ,($2.80),WPDQW6KFEH5XATDSNR4V0TWJAG,5.46,61%,Male,26-35,SC
11/24/17,13:13:38,Custom Merchandise,1,Regular,533,$14.00 ,($2.80),KX5DPWK1MN6E2GTZXKV6CXNPG0,5.46,61%,Male,18-25,FL
11/24/17,11:50:06,Handmade - Apothecary,1,,523,$14.00 ,($2.80),X0Q6V36JE52GPV568XHRHA3YYC,5.46,61%,Female,36-45,NC
11/22/17,15:46:44,Vintage Clothing,1,,597,$14.00 ,$0.00 ,M3VHR7JNCD3M2P71RSTVWAFC5M,5.46,61%,Female,26-35,NC
11/21/17,13:24:38,Handmade - Jewelry,1,,420,$14.00 ,$0.00 ,F3M3HWE8GS7MPYW20PF6VGWHKC,5.46,61%,Male,36-45,NC
11/11/17,18:29:04,Custom Merchandise,1,Regular,533,$14.00 ,$0.00 ,8YHY35D9D56EJRQDRVXXWDS9C8,5.46,61%,Male,46-55,NC
11/11/17,12:38:14,Custom Merchandise,1,Regular,533,$14.00 ,$0.00 ,TPQ0ZVMTR95Z8PQP1CF2XG7V7M,5.46,61%,Female,18-25,NC
11/8/17,17:09:25,Handmade - Jewelry,1,,419,$14.00 ,($2.10),X5PPTA2XS177PT7ZVTH0YC6MEC,5.46,61%,Female,26-35,NC
11/7/17,12:42:57,Custom Merchandise,1,Regular,533,$14.00 ,$0.00 ,JY1AXJ2BMS3X2GMPJ2NSQFJ03R,5.46,61%,Female,36-45,NC
11/4/17,18:50:25,Handmade - Apothecary,1,,523,$14.00 ,$0.00 ,KDSG3S1JDX7S4WQDCGF4FKKMV4,5.46,61%,Male,56-64,NC
11/4/17,18:48:54,Handmade - Apothecary,1,,523,$14.00 ,$0.00 ,9XABVH7G210YWN8MJSV5EN3TH4,5.46,61%,Male,18-25,NC
11/4/17,15:09:57,Handmade - Jewelry,1,,419,$14.00 ,$0.00 ,2K0HRR25ED6Z6W94WEFYWCNQJW,5.46,61%,Female,26-35,SC
11/4/17,15:09:57,Handmade - Jewelry,1,,418,$14.00 ,$0.00 ,760KW4S3J92MGRNC0WNVDPHJBM,5.46,61%,Male,26-35,VA
11/4/17,15:09:06,Handmade - Jewelry,1,,418,$14.00 ,$0.00 ,KEZ5CMCSBD3WZC8GCG15BQ5050,5.46,61%,Female,18-25,GA
10/28/17,14:27:01,Vintage Clothing,1,,327,$14.00 ,$0.00 ,30794WK66S6KRTNSEBQ0VDPQXR,5.46,61%,Female,18-25,GA
10/27/17,16:53:53,Handmade - Jewelry,1,,420,$14.00 ,$0.00 ,XB0B9H34Q10N4H2HKNKW3NYBRG,5.46,61%,Male,26-35,FL
10/25/17,15:13:05,Handmade - Home,1,Regular,95,$14.00 ,$0.00 ,CTAVKSM1SD2QJSRSCAQH56DY64,5.46,61%,Male,36-45,FL
10/12/17,19:54:23,Handmade - Home,1,Regular,95,$14.00 ,$0.00 ,3HQRDA7S2D2CYYH4CC7JB1284R,5.46,61%,Female,46-55,NC
7/11/18,16:52:22,Handmade - Jewelry,1,Regular,880,$13.99 ,$0.00 ,SWWV2AHGK11TRNA8R8NSFT55F8,5.46,61%,Female,18-25,NC
7/4/18,14:58:06,Antiques,1,,539,$13.99 ,$0.00 ,1XCECJX6AN0C8QJS0VEENN2M9M,5.46,61%,Female,26-35,NC
6/22/18,15:21:47,Handmade - Jewelry,1,,857,$13.99 ,$0.00 ,Z06546EGZ960AVBYXH9NJ6KJ80,5.46,61%,Male,46-55,NC
12/20/17,12:58:28,Handmade - Pottery,1,,147,$13.99 ,($2.10),BRYRA99X2S4ZTPTJFTYA0XTG98,5.46,61%,Male,56-64,NC
10/28/17,15:51:27,Handmade - Pottery,1,,147,$13.99 ,$0.00 ,D6Q7X7REVX27ETBKW9TC90VDXW,5.46,61%,Female,18-25,SC
7/19/18,13:13:44,Handmade - Stationery,3,,379,$13.50 ,$0.00 ,S46XXMRN3S2RJX2RXQTBV3V3E0,5.46,60%,Female,36-45,TN
5/1/18,15:19:24,Antiques,3,Regular,1116,$13.50 ,$0.00 ,VA4W4QT1FH2ZJTGGM76VAR2SCM,5.46,60%,Male,46-55,VA
11/17/17,13:23:48,Handmade - Artwork,3,,377,$13.50 ,$0.00 ,TG5BK1D5NS502M7FE2DBXNS4WC,5.46,60%,Male,64+,GA
10/6/18,17:20:19,Vintage Clothing,1,,1609,$13.00 ,$0.00 ,WN47EX8SYH5HTGJ05TP0BY9D0W,5.46,58%,Female,26-35,FL
10/6/18,16:27:03,None,1,,1129,$13.00 ,($2.60),97E6SM63G51AJK70P80GAQ8F84,5.46,58%,Female,18-25,FL
10/6/18,14:40:39,Vintage Accessories,1,Regular,1050,$13.00 ,$0.00 ,48CY3QCCCD36CQB9BTPABPTKV8,5.46,58%,Female,26-35,NC
8/21/18,14:14:39,Vintage Clothing,1,Regular,1476,$13.00 ,$0.00 ,8W8TG87AKX7EPNJ5DN4XNQ5XX0,5.46,58%,Male,36-45,NC
8/18/18,12:26:10,Handmade - Apothecary,1,Bag,1200,$13.00 ,$0.00 ,T8GZ40ZY3S5D8TRJE9Q3QS52DW,5.46,58%,Male,18-25,NC
8/11/18,15:31:10,Handmade - Apothecary,1,Bag,1200,$13.00 ,$0.00 ,C2BRXCEV7S68PKCFMR02ZNHSY8,5.46,58%,Female,36-45,NC
8/4/18,15:01:18,Antiques,1,,932,$13.00 ,$0.00 ,FNNHQEXHQN0Q2Q3EFQCBRMN5JC,5.46,58%,Female,46-55,NC
8/3/18,19:23:30,Vintage Clothing,1,Regular,976,$13.00 ,($1.30),YXNQ70BEKD0XCWSCH6K7YX8ZRG,5.46,58%,Female,18-25,NC
8/3/18,15:39:50,Handmade - Apothecary,1,Seasonal Relief,1195,$13.00 ,$0.00 ,ADQMDHSZBX1M6J9GK2DN21HQW8,5.46,58%,Female,46-55,NC
7/21/18,17:40:44,Handmade - Apothecary,1,,940,$13.00 ,$0.00 ,XXV8STWTPD28RPVAPXDYSH8DDG,5.46,58%,Female,56-64,NC
7/19/18,15:09:09,Antiques,1,Regular,1165,$13.00 ,($1.30),K7Q73FK77X2TENZPF3JWQKZYKG,5.46,58%,Female,18-25,NC
7/18/18,13:47:09,Vintage Clothing,1,,325,$13.00 ,$0.00 ,WPPTVNFAZN1H4WFHQX6399C1M4,5.46,58%,Male,46-55,SC
7/14/18,12:59:48,Handmade - Apothecary,1,Bag,1200,$13.00 ,$0.00 ,2TEM37VJ8S2G0KHY57ZY1GJPJC,5.46,58%,Female,64+,VA
7/6/18,14:19:48,None,1,,1141,$13.00 ,$0.00 ,2JAA8XHJB526PMHMYG633AZS44,5.46,58%,Female,26-35,VA
7/3/18,15:34:03,Handmade - Jewelry,1,Regular,1013,$13.00 ,($1.95),VSH197KTFN70EMDE8EKJ2GASVW,5.46,58%,Female,18-25,GA
7/3/18,13:33:14,Vintage Clothing,1,,721,$13.00 ,$0.00 ,EAQFQBCRQ13FAP4JDRDD9Q7FER,5.46,58%,Female,26-35,FL
6/16/18,13:45:03,Handmade - Apothecary,1,Seasonal Relief,1195,$13.00 ,$0.00 ,459KDXPJ5H7P0R1EDJFRBCJ860,5.46,58%,Female,36-45,FL
5/26/18,17:00:30,Handmade - Apothecary,1,,940,$13.00 ,$0.00 ,SCARHK57ZX5D8TFDXKF89AQ6MG,5.46,58%,Female,46-55,NC
5/22/18,14:49:58,Handmade - Jewelry,1,Regular,1013,$13.00 ,$0.00 ,23E7RY6YMN7K2GF60PN1NCHQC4,5.46,58%,Male,18-25,NC
5/12/18,16:12:09,Vintage Accessories,1,Regular,1054,$13.00 ,($1.95),RYCMJWZHBS7DCNG9WDCFMRE3BM,5.46,58%,Female,46-55,NC
5/12/18,12:39:05,None,1,,1131,$13.00 ,$0.00 ,F7NC8938XN6KMQ5DYPPW9TVW8W,5.46,58%,Female,56-64,NC
5/8/18,13:23:22,Vintage Clothing,1,,331,$13.00 ,$0.00 ,174X4SB5CX7KMRXJ1BNCMYC77M,5.46,58%,Female,18-25,SC
5/4/18,19:10:44,Vintage Accessories,1,Regular,1058,$13.00 ,($1.30),W8HEZ76Y5N7MCGBQK70VF08TR4,5.46,58%,Male,26-35,SC
4/28/18,12:45:11,None,1,,1132,$13.00 ,$0.00 ,J4GAWNJCFS1RAPGRZCPCM6CZMG,5.46,58%,Female,26-35,GA
4/21/18,16:38:57,Handmade - Jewelry,1,Regular,1013,$13.00 ,($1.95),G64GW6X1Q97EWG7PASDK0QHR6R,5.46,58%,Male,18-25,FL
4/21/18,14:53:40,Handmade - Jewelry,1,Regular,1014,$13.00 ,$0.00 ,RSZ2S3J9QD3RYHFT88T9K4FD14,5.46,58%,Male,26-35,FL
4/20/18,15:29:42,None,1,,1073,$13.00 ,$0.00 ,ATQT9XQ2VS01AYJ0T9CFJYYJA4,5.46,58%,Female,36-45,NC
4/12/18,15:20:46,Vintage Clothing,1,,308,$13.00 ,$0.00 ,G6MF3ZDRBD5XAYRDZKHYKHJZC0,5.46,58%,Female,18-25,NC
3/31/18,13:03:00,Handmade - Apothecary,1,,940,$13.00 ,($1.95),YM4EZW4RM549GY9360Y7CAR8YR,5.46,58%,Female,26-35,NC
3/30/18,14:26:57,Handmade - Jewelry,1,Regular,1014,$13.00 ,$0.00 ,"7C4SQ04NDN7HRH0QV3T4TMRH0C, HG0FVGXSGH3KETGJPAJXJK44B0",5.46,58%,Male,46-55,NC
3/24/18,15:31:48,Handmade - Jewelry,1,Regular,1013,$13.00 ,$0.00 ,PZHP2Y6H0D5DMWZP84WNHC8QQ8,5.46,58%,Male,18-25,NC
3/24/18,14:57:59,Handmade - Jewelry,1,Regular,1013,$13.00 ,$0.00 ,NZGT2SJTXD4R0GX759167ZD874,5.46,58%,Female,36-45,NC
3/20/18,17:22:05,Handmade - Jewelry,1,Regular,1014,$13.00 ,$0.00 ,67SW2GJ6V15EMNQMSWD8HV2MA4,5.46,58%,Male,18-25,NC
3/17/18,16:12:36,Handmade - Jewelry,1,Regular,1014,$13.00 ,$0.00 ,QEG1ANQVV9070SME8VNFZHAJ24,5.46,58%,Female,46-55,SC
3/17/18,16:11:32,Handmade - Jewelry,1,Regular,1014,$13.00 ,$0.00 ,JSVW15DZES7Y0PSTX126WJMQA0,5.46,58%,Female,56-64,SC
3/17/18,15:08:47,Handmade - Jewelry,1,Regular,1013,$13.00 ,$0.00 ,0V27KH31VD1VYHEKAD8GMB88JR,5.46,58%,Female,18-25,VA
3/16/18,13:16:42,Handmade - Jewelry,1,Regular,1014,$13.00 ,$0.00 ,4ZA5BD0VMD0VCRMT74WM12WQ1G,5.46,58%,Female,26-35,GA
3/14/18,12:18:09,Handmade - Apothecary,1,,940,$13.00 ,$0.00 ,NP3AVAPHSX6FGNZSPXT1AN4KQ8,5.46,58%,Female,18-25,GA
2/20/18,15:13:12,Vintage Accessories,1,,754,$13.00 ,$0.00 ,HAZE26WQSH1PJSK5PT1SVVF6GC,5.46,58%,Male,36-45,FL
2/17/18,14:46:10,Vintage Clothing,1,,332,$13.00 ,$0.00 ,YWDQA0P93N7P8N31SV4V0VHJ90,5.46,58%,Male,46-55,FL
2/2/18,20:16:41,Vintage Clothing,1,,728,$13.00 ,($1.30),KQAXWVFXPN4RYZ9VM8ZRE5AJY4,5.46,58%,Female,18-25,NC
2/2/18,19:59:52,Vintage Clothing,1,,320,$13.00 ,($1.30),QVXH3W2NKX020R4D5E0ZKG95S8,5.46,58%,Female,26-35,NC
1/27/18,17:37:57,Vintage Accessories,1,,755,$13.00 ,($1.95),4K5R1QG66N7F0GS07NBS7C4H48,5.46,58%,Female,36-45,NC
11/3/17,12:53:04,Vintage Clothing,1,,319,$13.00 ,($1.30),G8SWKY5MB11NYJD4PF7MNCN28W,5.46,58%,Male,56-64,NC
10/19/17,12:24:00,Vintage Clothing,1,,355,$13.00 ,$0.00 ,Z3JP4BHSG52MAWQZPW2ZZXMP90,5.46,58%,Male,18-25,NC
8/10/18,17:57:27,Handmade - Stationery,1,,856,$12.99 ,$0.00 ,DQD29YTBK16CTT7GGHTWQGS7GM,5.46,58%,Female,36-45,SC
8/4/18,12:21:21,Handmade - Stationery,1,,856,$12.99 ,$0.00 ,0S6XDGECTS21AHC9K05NPEHCGC,5.46,58%,Female,46-55,SC
6/9/18,14:02:18,Handmade - Jewelry,1,Regular,894,$12.99 ,($2.60),67BMQXYTP56BGGE3Z86AFHDJ7C,5.46,58%,Female,56-64,TN
6/9/18,13:57:02,Handmade - Jewelry,1,Regular,894,$12.99 ,($1.30),N3MF3CMSMD1HTNDSRGEX5VVMAR,5.46,58%,Female,64+,VA
6/1/18,18:40:34,Handmade - Jewelry,1,Regular,894,$12.99 ,($1.30),G1TA4AGDXN1BJN0DX9P1P1W3EM,5.46,58%,Male,18-25,VA
4/6/18,19:18:42,Handmade - Pottery,1,Regular,150,$12.99 ,($1.30),NTW85F1T9H3ZMNH725R6HGXN00,5.46,58%,Female,18-25,GA
10/12/18,18:39:07,Vintage Clothing,1,Regular,1626,$12.00 ,$0.00 ,M3B3X08DV1460HQGH0KWRCZHPG,5.46,55%,Female,26-35,FL
10/10/18,11:57:07,Vintage Accessories,1,Regular,1049,$12.00 ,$0.00 ,2EGS6FCFJX15MHZH1N18A807NM,5.46,55%,Female,36-45,FL
10/6/18,15:43:58,Vintage Clothing,1,,317,$12.00 ,($1.80),R8ZV0PJKZ9552N3VF42SV033HR,5.46,55%,Male,26-35,NC
10/2/18,14:52:16,Antiques,1,Regular,1505,$12.00 ,$0.00 ,N1N0328F4X3A8H09KJEKBFD4N4,5.46,55%,Female,46-55,NC
9/29/18,12:47:11,Antiques,1,Regular,1584,$12.00 ,($1.80),5V708VX6XS78JKPWV294KRZTYM,5.46,55%,Male,46-55,NC
9/22/18,15:46:08,Handmade - Stationery,1,Regular,1632,$12.00 ,$0.00 ,SYQ7NNX8Q550MR5264EEMT41Z4,5.46,55%,Male,18-25,NC
9/8/18,15:07:19,Antiques,1,Regular,484,$12.00 ,($1.20),KN2P1DH3MX49WSK16EFR7MTYTC,5.46,55%,Female,36-45,NC
9/1/18,15:22:36,Antiques,1,Regular,1412,$12.00 ,$0.00 ,EZCTNJE9ZX0EEVT8B5V3QYTVYR,5.46,55%,Female,46-55,SC
8/31/18,14:00:06,None,1,Regular,1511,$12.00 ,$0.00 ,YMHZ0DWT851BEW03AT40ERZ1BM,5.46,55%,Male,18-25,TN
8/23/18,12:12:10,Handmade - Stationery,1,,859,$12.00 ,($1.80),PXEZMQ0X3H10CRZNN3SNGY1FYC,5.46,55%,Female,26-35,VA
8/18/18,15:25:37,Handmade - Jewelry,1,Regular,1122,$12.00 ,($1.20),H0H8E2PX051SGJ0C9FSC614MM8,5.46,55%,Female,18-25,VA
8/18/18,12:36:48,Handmade - Apothecary,1,,939,$12.00 ,($1.80),910P0YS8AH78TXAST4SM6JPRNG,5.46,55%,Female,36-45,GA
8/14/18,16:34:27,Vintage Accessories,6,,383,$12.00 ,$0.00 ,6HR77PZAFS6XPPT740RWBAE9SC,5.46,55%,Male,46-55,NC
8/10/18,14:22:40,Handmade - Jewelry,1,gold/rose gold,418,$12.00 ,$0.00 ,PXPQ15DRGN7NWGXX8R7DFQQ9X0,5.46,55%,Male,56-64,NC
8/4/18,12:43:10,Handmade - Jewelry,1,gold/rose gold,418,$12.00 ,$0.00 ,8P0Y92VKCD5NYM2SVKC14W0N18,5.46,55%,Female,18-25,NC
8/4/18,12:21:21,Handmade - Stationery,1,,859,$12.00 ,$0.00 ,4T7PQQ6MPH0392B5KQ1MHQS6NR,5.46,55%,Female,26-35,SC
8/4/18,12:14:35,Handmade - Jewelry,1,gold/rose gold,418,$12.00 ,$0.00 ,0WAEBFADR93PTXFT0TWCX3DM40,5.46,55%,Female,36-45,SC
8/1/18,13:40:10,Handmade - Stationery,1,Flower Power,1028,$12.00 ,$0.00 ,0XHYWHZJXS7XYVQBXY7AC9HQZW,5.46,55%,Male,46-55,SC
7/21/18,13:38:16,Handmade - Stationery,1,,859,$12.00 ,($1.80),N51QB95J5N4N8Y4WTTT9X3N010,5.46,55%,Female,64+,VA
7/21/18,13:38:16,Handmade - Jewelry,1,gold/rose gold,418,$12.00 ,($1.80),F5HNYYFX3X42CYM7PTDN85VWYR,5.46,55%,Female,18-25,GA
7/17/18,13:16:59,Vintage Clothing,1,,1277,$12.00 ,$0.00 ,V2TH8PYCPD64WQZB5SZWK3ZPW8,5.46,55%,Male,26-35,FL
7/13/18,16:06:34,Handmade - Jewelry,1,Regular,1122,$12.00 ,$0.00 ,SZEZPGR9N57ZGRZDE3AD3NSEYG,5.46,55%,Male,36-45,FL
7/10/18,17:29:30,Vintage Clothing,1,,347,$12.00 ,$0.00 ,3VWE0ZS0WS6XYGF6DB15KWBHF4,5.46,55%,Male,18-25,NC
7/4/18,16:10:09,Handmade - Apothecary,1,,939,$12.00 ,$0.00 ,YQWTHX7HWX4E4VS5QSB0HHPV8M,5.46,55%,Male,36-45,NC
6/30/18,12:52:12,Handmade - Stationery,1,Flower Power,1028,$12.00 ,$0.00 ,3C38J97KDS5CAMYAHSS8XP2A5C,5.46,55%,Female,46-55,NC
6/23/18,13:38:48,Handmade - Jewelry,1,Regular,1122,$12.00 ,$0.00 ,HR8E27RFJ50NCVPDRRZB2E3K9M,5.46,55%,Female,56-64,NC
6/16/18,13:03:44,Handmade - Stationery,1,Snake,33,$12.00 ,($1.80),VDHZRV8H0D016TEGHAY55X1AEG,5.46,55%,Female,18-25,NC
6/14/18,14:35:40,Handmade - Apothecary,1,,526,$12.00 ,$0.00 ,STHRED6381094JBR0MYM5CEJCG,5.46,55%,Female,26-35,NC
6/9/18,16:57:06,Handmade - Stationery,1,Snake,33,$12.00 ,($2.40),XMSACP7R2D0RTN105F16X0HM8C,5.46,55%,Female,56-64,SC
5/29/18,15:06:20,Handmade - Candles,1,Regular,906,$12.00 ,($1.80),3EFH5V6D51634SNSFQQBFDQ18G,5.46,55%,Female,18-25,TN
5/11/18,17:51:23,Handmade - Jewelry,1,,417,$12.00 ,$0.00 ,3DR8WNREYH0T4JGDSK419EYE38,5.46,55%,Male,18-25,VA
5/10/18,18:04:44,Handmade - Candles,1,Regular,906,$12.00 ,($2.40),MA0FJZ8YTS2CPP04VAG5JF62AW,5.46,55%,Female,36-45,GA
5/8/18,14:15:38,Handmade - Apothecary,1,,939,$12.00 ,$0.00 ,35E14FMP11286GRKDK7VZ1Z868,5.46,55%,Female,18-25,GA
5/8/18,13:09:53,Handmade - Jewelry,1,Regular,1122,$12.00 ,($1.80),Q3RF8MQFY10Z6SMQ8YJQMPE5S8,5.46,55%,Female,26-35,GA
5/4/18,19:41:09,Vintage Accessories,1,Regular,1052,$12.00 ,($1.20),W809313FEH38MHR3R7CS8FFEB0,5.46,55%,Female,36-45,GA
4/28/18,17:13:29,Handmade - Stationery,1,Snake,33,$12.00 ,$0.00 ,DA4SC2B0VS5RB9B2CMBAW4G3QC,5.46,55%,Male,46-55,FL
4/18/18,13:14:43,Handmade - Candles,1,Regular,906,$12.00 ,$0.00 ,N1YPJ8CF614MJJHWERANGGPST4,5.46,55%,Male,18-25,FL
4/13/18,14:42:22,Handmade - Stationery,1,Flower Power,1028,$12.00 ,$0.00 ,0KYSQ8RY8D1FJM2G9BJ5F81DWM,5.46,55%,Male,26-35,NC
4/12/18,17:01:41,Handmade - Candles,1,Regular,906,$12.00 ,$0.00 ,0RY757X19S2RJR2EBWH70QHYWW,5.46,55%,Female,46-55,NC
4/11/18,17:28:06,Vintage Accessories,1,Regular,1053,$12.00 ,($1.80),B7QTJ7GYG90EWZ3PDYJ1863014,5.46,55%,Male,26-35,NC
4/7/18,18:08:05,Antiques,1,,42,$12.00 ,$0.00 ,2P00VV4G4N0Q6RC6Z24QN0H6T4,5.46,55%,Male,36-45,SC
4/7/18,18:08:05,Apothecary,1,Regular,824,$12.00 ,$0.00 ,QJ2RF1W6BS7CCG37KQGF5MJ440,5.46,55%,Female,18-25,VA
4/6/18,21:02:21,Handmade - Apothecary,1,,939,$12.00 ,($1.20),QVKHRAA3XX6VPNJN6EAEYQE5QW,5.46,55%,Male,26-35,VA
4/4/18,17:03:07,Handmade - Apothecary,1,,939,$12.00 ,$0.00 ,ZSBE0ANG892FJHX2SBC4P5DGVC,5.46,55%,Male,36-45,NC
3/8/18,15:27:41,Handmade - Apothecary,1,,526,$12.00 ,$0.00 ,", WE2FAG7J5D038KP3XYQZEJKEC0",5.46,55%,Male,46-55,NC
2/17/18,15:37:45,Handmade - Stationary,1,,33,$12.00 ,$0.00 ,E6MT17SB0X0YWH1AVVJ9P9ZSB8,5.46,55%,Male,18-25,NC
2/3/18,16:21:36,Handmade - Stationary,1,,859,$12.00 ,$0.00 ,Z00S2BYABX4VAHQ9777X2P1WAG,5.46,55%,Female,36-45,NC
2/3/18,12:38:41,Antiques,1,Regular,895,$12.00 ,$0.00 ,ZWNVAJR94H2T4JAYDSQVQE0KM4,5.46,55%,Female,46-55,NC
1/26/18,14:43:30,Antiques,1,Regular,484,$12.00 ,$0.00 ,NV8DTGTEGH7DGNVN4ZDV0GHQ4M,5.46,55%,Male,26-35,NC
1/2/18,16:16:52,Vintage Accessories,1,,737,$12.00 ,$0.00 ,4BDMMG3VZH26GZKK6T7EWTGZEC,5.46,55%,Female,56-64,SC
1/2/18,16:16:52,Vintage Accessories,1,,89,$12.00 ,$0.00 ,6RS8TKVVE10VMYD4AB7H58YP4W,5.46,55%,Female,64+,SC
12/29/17,14:22:49,Antiques,1,,622,$12.00 ,$0.00 ,D9GX5DZNZ53PGXK4BV5C1Z30TG,5.46,55%,Male,18-25,SC
12/27/17,15:09:47,Vintage Clothing,1,,670,$12.00 ,$0.00 ,D8A2EPWY4504TWS30J9G5EYFR8,5.46,55%,Female,36-45,VA
12/23/17,16:23:37,Vintage Accessories,3,,388,$12.00 ,($1.80),CN07EPGS15798NZ8ZW5YD1CN5W,5.46,55%,Female,18-25,GA
12/14/17,13:54:45,Handmade - Apothecary,1,,526,$12.00 ,$0.00 ,D733FAJMKN70PG83M03EX21PAM,5.46,55%,Male,26-35,GA
12/6/17,15:13:50,Handmade - Apothecary,1,,526,$12.00 ,($1.80),J5VVXZAGQN5QATFZ030TAG8HBW,5.46,55%,Male,36-45,GA
12/2/17,16:46:53,Handmade - Artwork,1,,33,$12.00 ,$0.00 ,5E1T2YS0GN0G4TVXSVJ1HVCXJC,5.46,55%,Male,46-55,GA
12/1/17,19:32:41,Antiques,1,Regular,484,$12.00 ,($1.20),QA2S8AA6Q50YMMP8F804TKQK50,5.46,55%,Female,26-35,FL
11/28/17,16:16:59,Handmade - Apothecary,1,,526,$12.00 ,$0.00 ,E0W0BE2SM14WPMPA4RASASZZZ0,5.46,55%,Female,36-45,NC
11/24/17,18:44:18,Vintage Accessories,1,,136,$12.00 ,($2.40),275TTTQRQ121TYRJC50N33GN58,5.46,55%,Female,46-55,NC
11/24/17,15:55:06,Vintage Accessories,1,,436,$12.00 ,($2.40),BSZE5FTH494R8ZQTBN4JM0DQY8,5.46,55%,Male,56-64,NC
11/24/17,15:42:06,Vintage Accessories,6,,385,$12.00 ,($2.40),78YARMG90D11RHVFYSYV04TCR8,5.46,55%,Female,26-35,NC
11/18/17,15:13:51,Antiques,2,,297,$12.00 ,$0.00 ,53W804Q9JN05TNTMS6A27M2SGR,5.46,55%,Female,56-64,SC
11/17/17,18:53:43,Antiques,1,Regular,484,$12.00 ,($1.80),PB8N9DB88N452H2W6VK0P31XC0,5.46,55%,Male,64+,SC
11/11/17,15:29:55,Vintage Clothing,1,,318,$12.00 ,$0.00 ,VDZ72HNME57NTSRS81TTXEASW4,5.46,55%,Female,26-35,VA
11/10/17,18:35:55,Handmade - Artwork,1,,33,$12.00 ,$0.00 ,MG3FBPSR611MWH961F7KE7S8AC,5.46,55%,Female,18-25,VA
11/4/17,15:50:16,Antiques,1,,66,$12.00 ,$0.00 ,PFHDK32VQH0AEJ69AWKEAJEPVW,5.46,55%,Female,36-45,GA
11/4/17,14:33:07,Antiques,1,Regular,484,$12.00 ,$0.00 ,N4FMMDKDN9530YCSYTWHPEB2HC,5.46,55%,Male,36-45,NC
10/24/17,13:33:22,Handmade - Jewelry,1,,417,$12.00 ,$0.00 ,YHYJK4N3NH560S707R17SMX7SW,5.46,55%,Female,46-55,NC
10/21/17,18:49:20,Vintage Accessories,1,,135,$12.00 ,$0.00 ,6RJWA5J2CD0D8JDE4B94R4FJCR,5.46,55%,Female,18-25,NC
10/20/17,18:35:46,Handmade - Artwork,1,,33,$12.00 ,$0.00 ,ZBRTR670BS5P4WR0WJE4R16PP8,5.46,55%,Female,18-25,NC
10/19/17,16:24:37,Vintage Accessories,1,,70,$12.00 ,$0.00 ,NMBSDCPJ5D30AN021Y6ABW8SCG,5.46,55%,Female,26-35,NC
10/17/17,16:06:30,Vintage Accessories,6,,383,$12.00 ,$0.00 ,5E6PWK1GZN1ERRJRK8FRRA7ST4,5.46,55%,Female,36-45,NC
10/13/17,18:06:54,Vintage Accessories,4,,389,$12.00 ,$0.00 ,377795AVE90CJXG4926B3GZBTR,5.46,55%,Female,46-55,NC
9/29/18,14:30:29,Handmade - Jewelry,1,Regular,847,$11.99 ,($2.40),B9MSR1JJEH3HYNYBDDDNVVQSBW,5.46,54%,Male,56-64,NC
9/1/18,12:58:47,Handmade - Jewelry,1,,143,$11.99 ,($2.40),6NK1N4B4914NPVFPD4RD13MEW8,5.46,54%,Male,64+,SC
8/25/18,17:10:36,Handmade - Jewelry,1,,143,$11.99 ,($2.40),D8Z9T2G2HD2HYTG190NTW3GTEC,5.46,54%,Female,18-25,SC
7/18/18,21:20:39,Handmade - Jewelry,1,Regular,847,$11.99 ,($1.20),42E29BEQ3X3XCH7GCEA3X34FXC,5.46,54%,Female,26-35,SC
6/30/18,13:33:24,Handmade - Candles,1,Sale,1036,$11.99 ,$0.00 ,4VGX7828E568MQE5KAYPESYHDW,5.46,54%,Male,26-35,GA
6/21/18,12:50:16,Handmade - Jewelry,1,,627,$11.99 ,$0.00 ,81RQGJ4E1N71WWE0HDRF9AE3K4,5.46,54%,Female,46-55,GA
6/1/18,14:52:56,Handmade - Apothecary,1,,527,$11.99 ,$0.00 ,KRQEQ5QP5X3EGY76SE75XH7NX0,5.46,54%,Female,18-25,GA
5/26/18,12:48:04,Handmade - Jewelry,1,,627,$11.99 ,$0.00 ,EJ1P330RT173EZ9AKDQBZ086S0,5.46,54%,Female,26-35,FL
10/6/18,13:02:03,Vintage Clothing,1,,1438,$11.00 ,($1.65),AP8NE6X0C51XAQ1XNFNCDR7SJ8,5.46,50%,Male,36-45,FL
9/22/18,17:04:31,Antiques,1,,537,$11.00 ,$0.00 ,JKR4568B7S648JYBX1VQTR88RC,5.46,50%,Female,18-25,NC
9/11/18,16:24:27,Vintage Clothing,1,,1613,$11.00 ,$0.00 ,NESJWP12GS59CZMXEHJ9CC8K7R,5.46,50%,Male,36-45,NC
8/18/18,12:36:48,Antiques,1,Regular,1306,$11.00 ,($1.65),JF24HYNA751Q0G3WW93DEY33J8,5.46,50%,Male,46-55,SC
8/11/18,15:31:10,Antiques,1,Regular,1519,$11.00 ,$0.00 ,DJKZFM47M14M4ZTG3BDGFJT52W,5.46,50%,Female,56-64,SC
8/3/18,21:01:12,Antiques,1,Regular,1064,$11.00 ,($2.20),W3KTREY1JD2J8TNK9KANB56SP8,5.46,50%,Female,64+,SC
8/2/18,16:09:06,Vintage Accessories,1,Regular,811,$11.00 ,$0.00 ,SVPK2161AS12PSKRBJYSX39RA4,5.46,50%,Female,18-25,TN
7/14/18,17:19:05,Vintage Clothing,1,,337,$11.00 ,($1.65),217GV1E6M55M6TP5AS4VDBS958,5.46,50%,Female,26-35,VA
6/30/18,15:51:49,Handmade - Jewelry,1,Regular,1015,$11.00 ,$0.00 ,RK9266Y5FX13AP67QSAYHPFK68,5.46,50%,Male,18-25,VA
6/29/18,18:01:04,Antiques,1,Regular,763,$11.00 ,$0.00 ,7H4DCG0F2H6TJK6P91FHWC51GM,5.46,50%,Female,18-25,FL
6/29/18,14:52:17,Vintage Accessories,1,,1273,$11.00 ,($1.65),B6VWK079S12RGGAVK7KYH5Y1B8,5.46,50%,Female,26-35,FL
6/1/18,20:36:49,Vintage Clothing,1,,598,$11.00 ,($1.65),VNTDH0BB491FGYHDRWJ8655G30,5.46,50%,Male,18-25,NC
5/12/18,18:58:12,None,1,,1128,$11.00 ,$0.00 ,V7A3V4ZG7H56MZP35RTT5500W4,5.46,50%,Male,26-35,NC
4/28/18,15:48:44,Vintage Clothing,1,Regular,971,$11.00 ,$0.00 ,7S2QXG782S71MKQGCWZ19CZSF8,5.46,50%,Female,56-64,NC
4/21/18,14:53:40,Handmade - Jewelry,1,Regular,1015,$11.00 ,$0.00 ,9T9805P64H30CXHPYX5VNTGRAC,5.46,50%,Female,18-25,NC
4/14/18,16:31:32,Antiques,1,Regular,1072,$11.00 ,($1.10),BJMM4WV64N704KPXPPP1MNSYM0,5.46,50%,Male,26-35,NC
4/7/18,18:08:05,Apothecary,1,,56,$11.00 ,$0.00 ,VHV0ZVCSDD1NPZQ9DXD94PNHN4,5.46,50%,Male,36-45,NC
3/31/18,17:30:03,Antiques,1,,911,$11.00 ,$0.00 ,9EB2Z3A9CX68MPM7EN902SMX10,5.46,50%,Female,46-55,NC
3/30/18,15:31:21,Handmade - Candles,1,Regular,483,$11.00 ,($2.20),57P3Y92G0S380PJ6NBQS14ZHAR,5.46,50%,Female,56-64,NC
3/30/18,14:26:57,Handmade - Jewelry,1,Regular,1015,$11.00 ,$0.00 ,XXY7TB458S3AGVEHSPRHDAZ818,5.46,50%,Female,36-45,VA
3/24/18,12:43:59,Handmade - Jewelry,1,Regular,1015,$11.00 ,($1.65),691EZ9FG2D3BAWB1R0Y71SC5Y8,5.46,50%,Female,26-35,GA
3/17/18,16:12:36,Handmade - Jewelry,1,Regular,1015,$11.00 ,$0.00 ,SP13R6YT4D4Q4MVCMSVJNZF6FW,5.46,50%,Male,26-35,NC
3/13/18,15:42:36,Handmade - Candles,1,Regular,483,$11.00 ,$0.00 ,W1K7YY62E91E8H404ZJMSPXDJG,5.46,50%,Female,46-55,NC
3/10/18,14:43:33,Handmade - Jewelry,1,Regular,1015,$11.00 ,$0.00 ,SH2AVYGXHX4GJYET4JVEBR919G,5.46,50%,Male,18-25,SC
3/2/18,18:51:00,Handmade - Candles,1,Regular,483,$11.00 ,($1.10),X0FSHPS14N57YNTKK52F07XEW8,5.46,50%,Male,18-25,VA
3/2/18,18:49:01,Handmade - Candles,1,Regular,483,$11.00 ,($1.10),776X8YA6793ZJY98QYY7KPPFC0,5.46,50%,Female,26-35,VA
2/28/18,15:52:46,Vintage Accessories,1,,5,$11.00 ,$0.00 ,6Q7FC15EM951CZS63FCEJW9CTW,5.46,50%,Female,18-25,GA
2/27/18,12:58:48,Handmade - Candles,1,Regular,483,$11.00 ,$0.00 ,YPY5DVJ3TS45TT5JW1MHKBCDP8,5.46,50%,Female,26-35,FL
2/8/18,16:03:50,Vintage Clothing,1,,305,$11.00 ,($1.65),Y3E06D4A0S0FTHPYHG2Q418XQ4,5.46,50%,Male,46-55,NC
2/3/18,17:35:05,Vintage Clothing,1,,329,$11.00 ,$0.00 ,T7575BS2JH56PPBRZ2BWR765C4,5.46,50%,Female,26-35,NC
2/2/18,19:59:52,Handmade - Candles,1,Regular,483,$11.00 ,($1.10),M4DRZR2KZX4RTXPSY0N18NVCB4,5.46,50%,Female,46-55,NC
1/13/18,16:43:48,Handmade - Candles,1,Regular,483,$11.00 ,$0.00 ,X665K46T454QTM5N4Y77EF1M14,5.46,50%,Female,36-45,NC
1/10/18,12:01:14,Vintage Accessories,1,,731,$11.00 ,$0.00 ,X9ZC3CQWA56JTHRYPWGX7NT55C,5.46,50%,Female,56-64,NC
12/30/17,15:11:09,Handmade - Candles,1,Regular,483,$11.00 ,$0.00 ,Q74J5K45WH7S2TWVXBG309EDBR,5.46,50%,Male,18-25,SC
12/26/17,17:04:57,Handmade - Candles,1,Regular,483,$11.00 ,$0.00 ,Y883G45DSH54WT56MMC6JWNHYW,5.46,50%,Female,26-35,TN
12/26/17,14:03:00,Handmade - Candles,1,Regular,483,$11.00 ,($1.65),QZS5HXK8351Z8NQT7XGGXHFVH0,5.46,50%,Female,18-25,VA
12/23/17,16:57:22,Handmade - Candles,1,Regular,483,$11.00 ,($1.65),9T9SSDH3KD2JPZ9PCZVWCDGPAG,5.46,50%,Male,26-35,VA
12/21/17,12:36:45,Handmade - Candles,1,Regular,483,$11.00 ,($1.65),34P6B539AN4ZTJ5F3N4ES197NM,5.46,50%,Female,18-25,GA
12/16/17,14:24:27,Handmade - Candles,1,Regular,483,$11.00 ,$0.00 ,PP2WFQDT6D376RJTP9B6M4YR0R,5.46,50%,Female,26-35,GA
11/28/17,16:16:59,Handmade - Candles,1,Regular,483,$11.00 ,$0.00 ,77XEB7VX456HTZCVYFYANBCWJW,5.46,50%,Male,46-55,FL
11/10/17,18:47:43,Handmade - Candles,1,Regular,483,$11.00 ,$0.00 ,V5QRRJZF5N02JX7GWNWTT0NKYC,5.46,50%,Male,56-64,NC
11/4/17,18:50:25,Handmade - Candles,1,Regular,483,$11.00 ,$0.00 ,HZ5W8HWRG11TJXR20Y72NDZNX8,5.46,50%,Female,46-55,NC
11/4/17,18:48:54,Handmade - Candles,1,Regular,483,$11.00 ,$0.00 ,GJWYZCTCAS0W1ENM7PX395XT5C,5.46,50%,Male,56-64,NC
11/3/17,12:55:11,Vintage Clothing,1,,300,$11.00 ,($1.10),GB8929GY990NTQ5SXSQ01ZJNKC,5.46,50%,Male,64+,SC
10/25/17,12:50:04,Handmade - Candles,1,Regular,483,$11.00 ,$0.00 ,E3MCC5RNSN7BEM8RDF6W4BWAMG,5.46,50%,Male,18-25,SC
10/21/17,16:51:20,Vintage Accessories,1,Regular,22,$11.00 ,$0.00 ,94Y4DYX86S1SGTHHNH4RDCFR6R,5.46,50%,Female,26-35,SC
10/12/17,18:28:23,Vintage Accessories,1,,38,$11.00 ,$0.00 ,FH7ZR7VQ6X2PPPKPFVWWBCHGZ8,5.46,50%,Female,26-35,VA
10/12/18,19:08:13,Handmade - Candles,1,,169,$10.99 ,$0.00 ,P4PVM433S1638NYXV5SN41RWPW,5.46,50%,Female,46-55,FL
9/18/18,15:01:51,Handmade - Candles,1,,169,$10.99 ,$0.00 ,6RY0NX5HKS4R0JZ3B124F10BYM,5.46,50%,Female,18-25,NC
9/12/18,12:16:18,Handmade - Candles,1,,169,$10.99 ,$0.00 ,4XPPX4PKAH344QW5PN4B1HDK6G,5.46,50%,Female,18-25,NC
8/18/18,12:36:48,Handmade - Candles,1,,169,$10.99 ,($1.65),FZ13CF83RD5TCMMQH7PXNC7MPM,5.46,50%,Female,26-35,NC
7/24/18,15:08:47,Handmade - Candles,1,,169,$10.99 ,$0.00 ,A0V3DJTFXS6M0M2QFEKR9Y7DWR,5.46,50%,Female,36-45,NC
7/14/18,16:52:58,Handmade - Candles,1,,489,$10.99 ,($1.10),940RTW4H613Y6Y1HQN8J3DPP9R,5.46,50%,Male,46-55,NC
7/14/18,16:51:46,Handmade - Candles,1,,489,$10.99 ,($1.65),0B2VZ89559560GZT3W0RF4TGH0,5.46,50%,Male,56-64,NC
7/13/18,17:14:09,Handmade - Candles,1,,489,$10.99 ,$0.00 ,216ZD5Q5854GPPPNH3VW43KP3R,5.46,50%,Female,18-25,SC
6/30/18,13:37:49,Handmade - Candles,1,,169,$10.99 ,$0.00 ,FHBMCHNDS514EGAPWV3KBED2B8,5.46,50%,Female,26-35,SC
6/27/18,12:42:32,Handmade - Candles,1,,169,$10.99 ,$0.00 ,XGRB6KZGFH6W6WZ62T6G4QBQJ4,5.46,50%,Male,36-45,TN
5/26/18,13:37:36,Handmade - Candles,1,,489,$10.99 ,$0.00 ,RW570FWNNX13WGHBNRVPEPVAN0,5.46,50%,Female,26-35,VA
5/26/18,12:48:04,Handmade - Candles,1,,169,$10.99 ,$0.00 ,YH9W2ZC4R57R0X1GYZ92M2MJRW,5.46,50%,Female,36-45,VA
5/26/18,12:48:04,Handmade - Candles,1,,489,$10.99 ,$0.00 ,H33S5RMK8S1SGMDG7QH3TDN79M,5.46,50%,Female,46-55,GA
5/25/18,12:52:28,Handmade - Artwork,1,,495,$10.99 ,$0.00 ,0F3NT5NY893QTRJNSYB1G7KM8M,5.46,50%,Male,26-35,GA
4/14/18,15:41:32,Handmade - Artwork,2,Regular,795,$10.50 ,($1.05),V7639071D9796M42NXVDWWXYX4,5.46,48%,Female,26-35,NC
4/3/18,17:07:42,Handmade - Artwork,2,Regular,795,$10.50 ,$0.00 ,SSQN5C12HH7QCPDN6G0NW963G4,5.46,48%,Male,46-55,NC
10/12/18,15:42:23,Handmade - Apothecary,1,detoxifying,1690,$10.00 ,$0.00 ,6S7YCGM8V50N2Z7YCY0Z7R2BWC,5.46,45%,Female,18-25,SC
10/5/18,20:03:44,Vintage Accessories,1,Regular,983,$10.00 ,($1.00),FZZ7Y1ZQSN08RW0CA2KYXKSCD8,5.46,45%,Female,26-35,SC
10/2/18,16:28:17,Handmade - Apothecary,1,moisturizing,1691,$10.00 ,$0.00 ,YZKMCGNZ0S25AXZ0YV9XY065D0,5.46,45%,Female,18-25,SC
9/29/18,16:50:06,Antiques,1,Regular,1677,$10.00 ,$0.00 ,S817MR8A593RCZA7C36EFDP9QM,5.46,45%,Male,26-35,TN
9/22/18,16:54:09,Handmade - Jewelry,1,silver,417,$10.00 ,$0.00 ,D6S30BS2092NPYZ1J8JB57W75G,5.46,45%,Male,36-45,VA
9/18/18,14:07:20,Handmade - Stationery,1,,858,$10.00 ,($1.50),GX731EKSPN3EYMYW52J0H60T1R,5.46,45%,Female,18-25,VA
9/5/18,13:39:11,Handmade - Jewelry,1,silver,417,$10.00 ,$0.00 ,K8WGMAQS1N4F6HJBMHAEAGVS2C,5.46,45%,Female,26-35,GA
8/31/18,13:59:24,Vintage Accessories,5,,383,$10.00 ,$0.00 ,JBD1WVNN0N2Q2RTJ80MRH6VDM8,5.46,45%,Female,36-45,GA
8/30/18,16:43:29,Handmade - Stationery,2,Regular,1502,$10.00 ,$0.00 ,2RMJBG1JKS7FAR23AC0DXACY64,5.46,45%,Male,18-25,FL
8/28/18,13:24:15,Vintage Clothing,1,Regular,1587,$10.00 ,$0.00 ,9SHE08WV892YPM2KSEE0RW27SM,5.46,45%,Male,26-35,NC
8/25/18,14:17:03,Handmade - Apothecary,1,Regular,1244,$10.00 ,($1.50),GEKSPQ7JPD4K2R5T1GFM8JHA2G,5.46,45%,Male,26-35,NC
8/25/18,14:16:11,Handmade - Apothecary,1,Regular,1244,$10.00 ,($1.50),FXHZR0DTSD4HERJGWF4RMZBBE4,5.46,45%,Male,46-55,NC
8/25/18,12:47:14,Vintage Accessories,1,Regular,820,$10.00 ,$0.00 ,MQN3HPJB350G0JKHNN7HHY7JAM,5.46,45%,Female,64+,NC
8/22/18,20:50:34,Handmade - Jewelry,1,silver,417,$10.00 ,($1.00),B68NSKV88S73TMH4EY1R6G0CTC,5.46,45%,Female,26-35,NC
8/22/18,19:38:37,Handmade - Apothecary,1,Regular,1242,$10.00 ,($1.50),00MCJME7X55FRQPAX0ZFX09DK8,5.46,45%,Male,18-25,SC
8/21/18,15:48:51,Handmade - Stationery,2,,855,$10.00 ,($1.50),T7E0Y5WN4D2STRCAK362994GDG,5.46,45%,Male,26-35,SC
8/18/18,15:17:39,Handmade - Stationery,1,Regular,1193,$10.00 ,($1.00),5J1XBK865111AHTC9TZNS3YQEW,5.46,45%,Female,18-25,TN
8/18/18,12:36:48,Handmade - Stationery,1,Regular,1194,$10.00 ,($1.50),VMVSN25FE12KMQS5G4W57167FW,5.46,45%,Female,36-45,VA
8/17/18,18:36:32,Handmade - Stationery,2,,855,$10.00 ,$0.00 ,P27F0XRZR93VJZCFAEEGHFZJNW,5.46,45%,Female,26-35,GA
8/11/18,14:16:07,Handmade - Artwork,2,Regular,793,$10.00 ,$0.00 ,R85C8MK66H0W0QJBT87X4C7PNC,5.46,45%,Female,36-45,GA
8/9/18,14:18:54,Handmade - Stationery,2,Regular,1502,$10.00 ,$0.00 ,86NSKJFM1D7XEQXCTGDWSXSEX8,5.46,45%,Female,26-35,SC
8/4/18,12:43:10,Handmade - Jewelry,1,silver,417,$10.00 ,$0.00 ,EENCJHQJEH0Z2NTJ1WF7QR4ZH4,5.46,45%,Female,36-45,TN
8/4/18,12:21:21,Handmade - Stationery,1,Regular,1193,$10.00 ,$0.00 ,0ZZNJVYMAD6NWW45A75RNDC4ZG,5.46,45%,Female,18-25,FL
8/1/18,13:13:28,Vintage Clothing,1,,1443,$10.00 ,$0.00 ,DGAYHP0NAS7V6TD9KFEC4AQNHR,5.46,45%,Female,46-55,NC
7/20/18,17:31:09,Handmade - Stationery,2,,855,$10.00 ,$0.00 ,N3X69FR1JS7XYNMP0G5JE2NPSW,5.46,45%,Male,56-64,NC
7/12/18,12:44:48,Handmade - Apothecary,1,Regular,1244,$10.00 ,$0.00 ,CAQ72TFSYN76YW8SB2XPHCTA74,5.46,45%,Male,18-25,NC
7/11/18,13:49:13,None,1,,1078,$10.00 ,($1.50),JMDAA29MX10D4PDCKT583XVSJ4,5.46,45%,Male,26-35,NC
7/10/18,17:29:30,Vintage Clothing,1,Regular,1001,$10.00 ,$0.00 ,GD7JBG2GKS1EGHD5XY870BF9X0,5.46,45%,Female,36-45,NC
7/3/18,15:35:56,Handmade - Apothecary,1,Regular,1242,$10.00 ,($1.50),W13TZ4CKV96M4NPDAXXBJP7Q4C,5.46,45%,Female,46-55,NC
7/3/18,13:33:14,Handmade - Apothecary,1,Regular,1242,$10.00 ,$0.00 ,7E4DS59JT540AX0N86G0CG56B0,5.46,45%,Female,64+,NC
6/30/18,15:51:08,Vintage Accessories,1,Regular,1299,$10.00 ,($1.50),6RFFBDR45S4GWXK7TSEPYPKEM4,5.46,45%,Male,18-25,NC
6/14/18,13:09:00,Handmade - Stationery,1,Regular,1194,$10.00 ,$0.00 ,7ZDBJH1EKX2ZGX3CC5NVX4ETNW,5.46,45%,Male,26-35,NC
6/9/18,15:23:17,Handmade - Apothecary,1,Regular,1244,$10.00 ,($1.00),85QAMCTQX50CCM9E2SS4N3P30M,5.46,45%,Female,36-45,SC
6/8/18,17:59:32,Handmade - Apothecary,1,Regular,1244,$10.00 ,$0.00 ,4RM5JTGRJD2CRJ8WBR1P7B4V7G,5.46,45%,Male,56-64,GA
6/7/18,12:46:25,Handmade - Stationery,2,,855,$10.00 ,($1.50),YMQRZ7DFF134WVHHS1A770ERVC,5.46,45%,Male,18-25,FL
6/1/18,19:45:38,Handmade - Apothecary,1,Regular,1242,$10.00 ,($1.00),4M5HH514BH3F8HGDBQMJWZK1Z8,5.46,45%,Female,36-45,NC
5/29/18,17:02:08,Handmade - Stationery,1,Regular,1193,$10.00 ,$0.00 ,YNC50CD41N3WYGZBB2Y38243XC,5.46,45%,Female,56-64,NC
5/25/18,13:16:46,Handmade - Stationery,2,,855,$10.00 ,$0.00 ,18KRWFE6XN5QPXA6AQK7Q35FS0,5.46,45%,Male,64+,NC
5/23/18,13:45:15,Vintage Accessories,1,,270,$10.00 ,$0.00 ,JZB2BA6SND7A0MRHVWN88097BG,5.46,45%,Female,26-35,NC
5/19/18,17:38:49,Handmade - Stationery,2,,855,$10.00 ,$0.00 ,YFDAG919YD0K6J7VQF97D68FY0,5.46,45%,Female,36-45,SC
5/19/18,17:12:37,None,1,,1145,$10.00 ,$0.00 ,V5TP0BYEV929AGVTTQKXCNRM1C,5.46,45%,Female,36-45,VA
5/19/18,13:57:09,Antiques,2,,366,$10.00 ,$0.00 ,AT3NCFRDQD6AWZKGM8QFFSQJER,5.46,45%,Female,26-35,FL
5/8/18,17:20:58,Handmade - Stationery,2,,490,$10.00 ,$0.00 ,SD61D1DJ6D3DRRQM3T7H82CFFG,5.46,45%,Male,36-45,FL
5/3/18,15:09:20,Handmade - Artwork,2,Regular,794,$10.00 ,$0.00 ,BQEWX6S7W13G2TK1BM6SGGBMY8,5.46,45%,Male,46-55,NC
4/26/18,13:35:29,Handmade - Stationery,2,,855,$10.00 ,$0.00 ,XK5E7ZWRW513MMFZ7E239YE3Q0,5.46,45%,Female,18-25,NC
4/24/18,13:28:25,Handmade - Stationery,1,,858,$10.00 ,$0.00 ,PBNHX3ZGSS242Z9QKNS2XYDJM0,5.46,45%,Female,26-35,NC
4/14/18,16:15:43,Vintage Accessories,1,Regular,1051,$10.00 ,($1.00),B90AM3Y0C9536G3BXVRJW9ZC7M,5.46,45%,Male,56-64,NC
4/13/18,13:26:50,Handmade - Stationery,2,,490,$10.00 ,($1.50),0Y2MZY7B5H4GWVHEMQPGCB9YRC,5.46,45%,Female,18-25,NC
4/7/18,18:08:05,Antiques,1,,550,$10.00 ,$0.00 ,1GRKT38T8X2K4VH074S4BTXKW4,5.46,45%,Female,18-25,NC
3/30/18,18:40:24,Handmade - Stationery,1,,858,$10.00 ,$0.00 ,D42XKEK09S52RH682ZWHBCE4Q8,5.46,45%,Female,26-35,NC
3/3/18,16:33:40,Handmade - Artwork,1,,378,$10.00 ,($1.50),NCPA0FSJJS3GAV7TT0BJCARZSR,5.46,45%,Male,18-25,SC
3/3/18,14:21:10,Handmade - Stationery,2,,490,$10.00 ,$0.00 ,MSWK220WJN2Y2Z7RMDK16BZP4G,5.46,45%,Female,26-35,SC
3/2/18,20:18:10,Vintage Accessories,5,,383,$10.00 ,($1.00),BYKJ09MM951CGSTH6DC7ZEMJJ8,5.46,45%,Female,36-45,TN
2/24/18,16:02:50,Handmade - Artwork,1,,357,$10.00 ,$0.00 ,WRBY76XS59300SK0CE86V4471W,5.46,45%,Male,36-45,GA
2/14/18,17:00:30,Vintage Accessories,1,,729,$10.00 ,($1.50),MW4J0QFEF564ERJX98Y0Y6E6FR,5.46,45%,Female,18-25,GA
2/13/18,16:35:06,Handmade - Stationary,2,,855,$10.00 ,($1.50),6DMCN76WFS7C8Z5YYT2XR9EFCM,5.46,45%,Female,26-35,NC
2/10/18,15:50:50,Handmade - Artwork,2,Regular,793,$10.00 ,$0.00 ,YSD0FMXTE11KTQ5PEG190VKPF4,5.46,45%,Female,18-25,NC
2/9/18,15:24:45,Handmade - Stationary,2,,428,$10.00 ,$0.00 ,P38FYFK5WX6RGHPAP1P1BK9Q44,5.46,45%,Male,26-35,SC
2/8/18,12:35:12,Handmade - Artwork,1,,357,$10.00 ,($1.50),SRR66PZB6X07WZQ2VJV3M61NC0,5.46,45%,Male,36-45,SC
2/3/18,15:22:49,Handmade - Artwork,1,,357,$10.00 ,$0.00 ,TNH3H9V5Z97ARRE73Z7FN92TPC,5.46,45%,Female,18-25,SC
2/3/18,14:55:19,Vintage Accessories,1,,82,$10.00 ,$0.00 ,D9QMFA9ET146GSW6VCZ5VYTZ4W,5.46,45%,Female,26-35,TN
2/2/18,12:39:12,Handmade - Artwork,2,Regular,796,$10.00 ,($1.50),7ZM58K0EXN1C0MT6W7MYPRA93G,5.46,45%,Female,36-45,VA
1/30/18,16:30:09,Handmade - Artwork,1,,357,$10.00 ,($1.50),7V4XNPQ2NH0A8MWNP4C8EKKTQC,5.46,45%,Male,18-25,GA
1/26/18,18:23:33,Handmade - Stationary,2,,855,$10.00 ,$0.00 ,QT3YB8PX9H290MT3TZSS2G3GE4,5.46,45%,Male,26-35,GA
1/11/18,16:55:07,Antiques,2,,376,$10.00 ,$0.00 ,8KZ6BDZA2929GVZWAFFYDPJPBW,5.46,45%,Female,46-55,FL
1/11/18,16:11:59,Handmade - Artwork,2,,490,$10.00 ,$0.00 ,5ZC7DWASZX6VTYMJ322SVJREW8,5.46,45%,Female,56-64,NC
12/22/17,18:04:18,Vintage Accessories,5,,383,$10.00 ,($1.50),NGJXR25N2X7TPZD7HP692HEB30,5.46,45%,Female,18-25,NC
12/22/17,15:12:24,Handmade - Artwork,1,,378,$10.00 ,($1.50),3PE6RS0W2S5F4GCNZZXPAJSFBG,5.46,45%,Female,26-35,NC
12/21/17,14:44:27,Vintage Accessories,1,Regular,137,$10.00 ,($1.50),6X1CSY12NH6RX48HVM990HDZZMWK4CHJ6RV38CG,5.46,45%,Female,56-64,NC
12/6/17,14:08:32,Handmade - Artwork,1,,378,$10.00 ,$0.00 ,P7HWTFCD9X0K2ZSG2NSVMEM7HR,5.46,45%,Female,64+,NC
11/24/17,11:50:06,Vintage Accessories,5,,383,$10.00 ,($2.00),NV8TPCR89S4V0J7YJ3G3F8C2CG,5.46,45%,Female,26-35,NC
11/18/17,15:13:51,Antiques,2,,366,$10.00 ,$0.00 ,MFMF7RH9V56WYXNCSCZC86KV4C,5.46,45%,Male,18-25,NC
11/18/17,13:21:21,Vintage Accessories,1,,37,$10.00 ,$0.00 ,37KQZGCK9D0GGN4T0QCEWVSKD4,5.46,45%,Female,18-25,SC
11/11/17,13:02:03,Vintage Clothing,1,,304,$10.00 ,$0.00 ,CHKDXNZFWN1NRR1K3BEBECZZ2W,5.46,45%,Male,18-25,VA
11/11/17,12:40:22,Vintage Clothing,1,,582,$10.00 ,$0.00 ,4D0EH82AXS74YJ23A383MZ1ERG,5.46,45%,Female,18-25,GA
10/28/17,15:51:27,Antiques,2,,366,$10.00 ,$0.00 ,HQW9B8BV4S71RS09AN4K48WM3W,5.46,45%,Female,26-35,NC
10/21/17,16:22:03,Handmade - Artwork,1,,378,$10.00 ,$0.00 ,PTW1VXSV1X7KJTES76P6ETY4TR,5.46,45%,Female,26-35,SC
10/2/18,16:34:47,Handmade - Candles,1,Rickhouse,1036,$9.99 ,$0.00 ,ATE83X45QD08GN1P8ZE6326VE0,5.46,45%,Female,26-35,GA
8/11/18,14:16:07,Handmade - Artwork,1,,495,$9.99 ,$0.00 ,B21D4G6PFX40AJGFJHX7DFHCQW,5.46,45%,Female,46-55,FL
8/3/18,15:39:50,Handmade - Apothecary,1,,529,$9.99 ,$0.00 ,2HJKD87WX95HYTF9ND48ACKD5G,5.46,45%,Male,26-35,NC
7/27/18,18:52:25,Handmade - Artwork,1,,495,$9.99 ,$0.00 ,JWB3D5C7TH67JZ5GHWNMG8GJGR,5.46,45%,Female,64+,NC
5/12/18,16:12:09,Handmade - Stationery,1,Regular,909,$9.99 ,($1.50),KSMSFKFQ8N5M4QV22EEWH8MS8M,5.46,45%,Male,18-25,NC
10/12/18,19:19:00,Handmade - Stationery,2,Regular,1191,$9.00 ,($1.35),0RRP90SQKH3E6TNP2JSJCNMYTW,5.46,39%,Male,26-35,NC
10/12/18,18:52:13,Antiques,1,,1553,$9.00 ,($1.35),0GX0C0ZWDN60EWQFAG7DMWZZC8,5.46,39%,Male,26-35,SC
9/29/18,13:34:44,Handmade - Stationery,2,,377,$9.00 ,$0.00 ,W5RFKMHKB93N6HS9DMAEH8YRFM,5.46,39%,Male,46-55,SC
9/25/18,16:26:13,Handmade - Stationery,2,,379,$9.00 ,$0.00 ,RCDFH3P0QN36EW9HPGQVCMPVJ4,5.46,39%,Female,26-35,VA
9/21/18,12:52:11,Handmade - Stationery,2,,377,$9.00 ,$0.00 ,YS134RKEYS14YGRNEBBBS5R3WR,5.46,39%,Female,36-45,VA
9/5/18,17:25:33,Handmade - Stationery,2,Regular,1191,$9.00 ,$0.00 ,ZMWQWWGCJH2NEPC9K93TW4Z3SM,5.46,39%,Female,36-45,GA
8/31/18,14:02:33,None,1,,1076,$9.00 ,$0.00 ,Q86YHSMW55512RCY3E21ZHJXKC,5.46,39%,Male,18-25,NC
8/30/18,16:43:29,Handmade - Stationery,2,,377,$9.00 ,$0.00 ,PNNG92S9491GEGZFRBHKA4QJFM,5.46,39%,Female,26-35,NC
8/25/18,14:24:06,Vintage Accessories,3,,389,$9.00 ,($1.35),BRVRBR6PAN28AXJ9ZTESMJQF04,5.46,39%,Female,18-25,NC
8/21/18,13:45:13,Handmade - Stationery,2,,379,$9.00 ,$0.00 ,5BZ642RNN92C6K04W7N1VG7V4M,1.99,78%,Male,18-25,SC
8/11/18,16:57:25,Antiques,1,Regular,1410,$9.00 ,$0.00 ,CTKW2EK77X34ARAE1DGB3Z27PR,1.99,78%,Female,18-25,VA
8/11/18,15:05:14,Handmade - Stationery,2,,379,$9.00 ,$0.00 ,367G6N20F956AX93KTFE82ZRDC,1.99,78%,Female,26-35,VA
8/11/18,14:16:07,Antiques,1,,538,$9.00 ,$0.00 ,B1RJK31WKD7KARZSAZ7QVZ3WTM,1.99,78%,Male,56-64,FL
8/10/18,15:37:12,Handmade - Stationery,2,Regular,1191,$9.00 ,$0.00 ,PMDAYBAJKS16GNJN6XH87DCY80,1.99,78%,Male,56-64,NC
8/4/18,18:05:19,Vintage Accessories,3,,389,$9.00 ,$0.00 ,HZ21JAF47D20EJNNZB65ZWAJZG,1.99,78%,Male,64+,NC
8/2/18,16:09:06,Antiques,1,,644,$9.00 ,$0.00 ,XM4FCJ3P1954JWD6VH30YPZA30,1.99,78%,Female,26-35,NC
8/2/18,13:51:46,Antiques,1,Regular,1307,$9.00 ,$0.00 ,RQRGPVVEJ16SYXTSTVCQ0HTCN4,1.99,78%,Female,18-25,SC
7/27/18,13:46:42,Handmade - Stationery,2,Regular,1191,$9.00 ,$0.00 ,4NB4S4WM4H7XGWTA1EH2MRFCVC,1.99,78%,Male,36-45,VA
7/21/18,16:40:29,Antiques,1,Regular,1411,$9.00 ,$0.00 ,DXWFZKT9ZD44YP8MQFST10MV1M,1.99,78%,Male,46-55,VA
7/21/18,13:38:16,Vintage Clothing,1,,356,$9.00 ,($1.35),14B0M27AS96FTGBWEEJWQAC2DG,1.99,78%,Female,18-25,GA
7/19/18,15:09:09,Antiques,1,,1286,$9.00 ,($0.90),T11N96YSPS1TMQX1YNZYTMEE5W,1.99,78%,Female,18-25,GA
7/6/18,19:42:40,Handmade - Stationery,2,,379,$9.00 ,($1.35),EK05168TV13S4P22JM8J7NXAE8,1.99,78%,Male,36-45,GA
6/23/18,12:48:17,Handmade - Stationery,2,Regular,1191,$9.00 ,($1.80),0DVQ9WJP797YCTD8RKB3W1A4V0,1.99,78%,Female,56-64,FL
6/20/18,16:26:10,Vintage Clothing,1,,62,$9.00 ,$0.00 ,Z90QXST5DX514X6A17BMDH40GR,1.99,78%,Male,18-25,NC
6/12/18,15:07:19,Handmade - Stationery,2,,377,$9.00 ,$0.00 ,YG6G4S08GD05PX8PFKM5JK147M,1.99,78%,Male,26-35,VA
6/2/18,14:15:07,Vintage Accessories,1,,284,$9.00 ,$0.00 ,4J9HWXZWZX0PMPZGCEZA6VQ8WW,1.99,78%,Female,36-45,GA
5/10/18,18:04:44,Antiques,2,Regular,1116,$9.00 ,($1.80),PHT3GN9NM15D2KGGTQ92FZY3DW,1.99,78%,Female,18-25,FL
5/5/18,18:46:52,Antiques,2,Regular,1116,$9.00 ,$0.00 ,SNHM3DXFQH222YH2PV04TCTVR0,1.99,78%,Male,26-35,NC
5/5/18,16:50:39,Antiques,1,,925,$9.00 ,($1.80),GMH75GQZ6S50RRP8H1TJ8XGGZW,1.99,78%,Female,56-64,NC
4/27/18,17:04:05,Antiques,2,Regular,1116,$9.00 ,$0.00 ,1DZANW33VN5AJHS389N416C91C,1.99,78%,Female,18-25,NC
4/24/18,13:28:25,Antiques,2,Regular,1116,$9.00 ,$0.00 ,9EC8V503PH59JPKDCQ4F2FQ3KR,1.99,78%,Male,26-35,NC
4/7/18,18:08:05,Antiques,1,,21,$9.00 ,$0.00 ,KRAXTFTD4H280SM84NHDZZ2VPC,1.99,78%,Male,18-25,NC
4/7/18,18:08:05,Apothecary,1,Regular,826,$9.00 ,$0.00 ,T3TY6SG9T1530JX7N0MY88ATZ4,1.99,78%,Male,26-35,NC
3/31/18,14:19:10,Handmade - Stationery,2,,377,$9.00 ,$0.00 ,0MN4ZD1GV157GGYXN8XXB0214C,1.99,78%,Female,36-45,NC
3/17/18,16:38:29,Antiques,1,Regular,1022,$9.00 ,$0.00 ,8V3P7E2VWX39EPCY9CYMFTKM84,1.99,78%,Female,18-25,NC
3/17/18,15:24:03,Handmade - Stationery,2,,377,$9.00 ,$0.00 ,X7WAXRFFAS40ER77H0QW7F0FTG,1.99,78%,Female,26-35,NC
3/15/18,16:39:38,Handmade - Stationery,2,,377,$9.00 ,$0.00 ,C3AGG7HJR54ZYS8B152YPNK1XC,1.99,78%,Female,36-45,SC
2/24/18,16:02:50,Handmade - Stationary,2,,377,$9.00 ,$0.00 ,0JHS7YT0Q92S0WGYD7H1PHQ1BG,1.99,78%,Female,26-35,TN
2/10/18,15:36:28,Handmade - Stationary,2,,377,$9.00 ,$0.00 ,C5C6KA4KA95ZARF416TXEKPS0G,1.99,78%,Female,36-45,VA
2/9/18,13:36:29,Antiques,1,Regular,838,$9.00 ,$0.00 ,6B1RW2J85H3AWQWDN7ADZY6D48,1.99,78%,Female,46-55,VA
1/26/18,15:50:24,Handmade - Home,1,Regular,768,$9.00 ,($1.35),YV1M23VZN96EWTPN161WPP72W4,1.99,78%,Male,26-35,GA
1/6/18,15:00:09,Antiques,1,,545,$9.00 ,$0.00 ,6P038SS57H7JEQNGAQTR5ES0X0,1.99,78%,Female,36-45,GA
1/4/18,16:41:40,Vintage Clothing,1,,580,$9.00 ,($1.35),2M61WX5PSX0PGVX1P01NSBXZEW,1.99,78%,Female,26-35,NC
1/4/18,16:41:40,Vintage Clothing,1,,342,$9.00 ,($1.35),PSY84F41N14E4Z83D4618BHCWC,1.99,78%,Female,36-45,NC
12/26/17,15:46:57,Handmade - Artwork,2,,377,$9.00 ,$0.00 ,HQ07GCZF3N678RA4JWS7FFFPR0,1.99,78%,Female,26-35,SC
11/24/17,18:55:17,Vintage Accessories,1,,452,$9.00 ,($1.80),ZFNC3340WS20YKY1GFYJJRC27W,1.99,78%,Male,46-55,SC
11/24/17,18:24:34,Handmade - Artwork,2,,379,$9.00 ,($1.80),WVDTGE33X139MR7APQZ3VCV5GR,1.99,78%,Female,36-45,VA
11/18/17,13:53:18,Vintage Clothing,1,,601,$9.00 ,$0.00 ,B16ZRATKKH2D6N8RQH6KV60G5W,1.99,78%,Male,18-25,FL
11/11/17,17:19:14,Handmade - Artwork,2,,379,$9.00 ,$0.00 ,R30465H40X6J8RZKAAMG5JSPNG,1.99,78%,Female,26-35,FL
11/11/17,12:58:05,Vintage Accessories,3,,389,$9.00 ,$0.00 ,P0DS1YTZZD0YWWAZJ0NAVS9EBC,1.99,78%,Female,36-45,NC
11/8/17,14:20:30,Vintage Clothing,1,,346,$9.00 ,($1.35),7B74FVZQYX4W4PN0ZQ5JGE044W,1.99,78%,Female,56-64,NC
11/7/17,17:40:45,Vintage Clothing,1,,303,$9.00 ,($1.35),B7H97GZBNS65ESZGW1X68AK7F4,1.99,78%,Female,18-25,NC
10/12/17,19:37:19,Vintage Accessories,1,,269,$9.00 ,$0.00 ,JNPV61CFF136CZP49R17Y0JS28,1.99,78%,Female,18-25,NC
10/12/17,19:33:23,Vintage Accessories,1,,269,$9.00 ,$0.00 ,D49J0YF32X27RTN32AKGTQA30C,1.99,78%,Female,26-35,SC
5/29/18,15:06:20,Handmade - Artwork,1,Regular,799,$8.99 ,($1.35),RQ0S32VZP14E8GA6C3C07MKAMC,1.99,78%,Female,36-45,TN
5/22/18,16:11:33,Handmade - Candles,1,Regular,483,$8.99 ,($1.35),EMW8JXV1NH15TW3SW0GVJEXZXG,1.99,78%,Male,18-25,NC
4/17/18,12:25:32,Handmade - Candles,1,Regular,483,$8.99 ,$0.00 ,SEFN181X8D6Q2SP0ZNGEPN7N34,1.99,78%,Male,26-35,NC
8/21/18,14:21:11,Handmade - Stationery,3,,428,$8.97 ,$0.00 ,4VWNV8VB3H664KX4VC0BKKT2KC,1.99,78%,Male,46-55,VA
10/6/18,16:29:22,Handmade - Pottery,1,,147,$8.39 ,($1.68),Q9XZW3Z2FN1BEY5CCHYQEXDD6C,1.99,76%,Female,36-45,FL
8/9/18,12:50:44,Handmade - Pottery,1,,147,$8.39 ,$0.00 ,BMAG0VEETD1PGMPFHSX4N9RCK0,1.99,76%,Female,26-35,NC
10/12/18,18:56:34,Handmade - Stationery,1,Regular,1633,$8.00 ,$0.00 ,AA1WX3XGG91HGPW93WSVN920AG,1.99,75%,Female,26-35,NC
10/12/18,13:29:16,Antiques,1,Regular,1520,$8.00 ,$0.00 ,RG2ACZQHZS4MPJX66PDB0Q5XXM,1.99,75%,Male,36-45,NC
9/29/18,14:04:59,Handmade - Apothecary,1,chamomile and ylang ylang pouch,1692,$8.00 ,$0.00 ,1XYF6ADAGH208V7VJN93CYK0Z4,1.99,75%,Male,26-35,SC
9/22/18,14:54:17,Vintage Accessories,2,,388,$8.00 ,$0.00 ,AW08PR2KV91J4KZSWMAK9VXRNC,1.99,75%,Male,36-45,SC
9/22/18,12:07:45,Vintage Accessories,2,,388,$8.00 ,$0.00 ,EB99WA1ZC55A8G5ECQA2AY0JZG,1.99,75%,Female,46-55,TN
9/8/18,15:36:27,Antiques,1,,945,$8.00 ,($1.60),TQPCSB5B0X4Q8TPHHT8VESR05R,1.99,75%,Female,18-25,VA
9/8/18,14:40:44,Vintage Accessories,1,Regular,1297,$8.00 ,($0.80),2RMC5XNM2D3GGVXR32V0581Y4C,1.99,75%,Female,18-25,VA
8/18/18,18:28:52,Vintage Accessories,2,,388,$8.00 ,$0.00 ,TPK8A9PY1X78RQTAAPHJBD7MBW,1.99,75%,Female,56-64,GA
8/18/18,14:20:24,Vintage Accessories,2,,388,$8.00 ,($0.80),HR6XE632ES4KJZBF68APBB3WR0,1.99,75%,Female,18-25,FL
8/14/18,16:34:27,Antiques,1,Regular,1263,$8.00 ,$0.00 ,2J2Y1P8HK9786HJ2D59Y92JFYM,1.99,75%,Male,18-25,NC
8/14/18,13:58:23,Vintage Accessories,2,,388,$8.00 ,($1.20),1FM2DHTJ1N45AX73QJSH7X89T8,1.99,75%,Male,26-35,NC
8/11/18,14:55:53,Vintage Accessories,2,,388,$8.00 ,$0.00 ,R29Z3RY5213VRPH35NWNAJM1H8,1.99,75%,Female,36-45,SC
8/11/18,14:16:07,Handmade - Artwork,4,Regular,403,$8.00 ,$0.00 ,GXSYMB3T1D55AM6EHMFYK2QATM,1.99,75%,Male,46-55,SC
7/27/18,16:07:00,Vintage Accessories,2,,388,$8.00 ,$0.00 ,WPPQ4AT2HX6TGSZFHAV7YBD4FG,1.99,75%,Female,56-64,GA
7/27/18,14:18:27,Handmade - Apothecary,1,Regular,1241,$8.00 ,$0.00 ,WEPCW1KR151FMM2JG5JENX8QZ4,1.99,75%,Male,26-35,FL
7/21/18,18:15:39,Handmade - Apothecary,1,Regular,1241,$8.00 ,$0.00 ,B9NB94QY1X266N35JVQBK2QBQR,1.99,75%,Female,46-55,NC
7/21/18,14:46:47,Vintage Accessories,1,,45,$8.00 ,$0.00 ,M8WAQPK1654MYVTKMQYRV10PX4,1.99,75%,Female,18-25,NC
7/18/18,21:23:43,Vintage Accessories,1,Regular,835,$8.00 ,($0.80),ZEEG61B8RX2YCHEZBG259AVDT8,1.99,75%,Female,26-35,NC
7/13/18,16:03:55,Antiques,1,,369,$8.00 ,$0.00 ,DFW28J34KS326P9XK3WW4ZPNJR,1.99,75%,Male,36-45,NC
7/13/18,15:17:24,Vintage Clothing,1,,351,$8.00 ,$0.00 ,AAV76WZZPS756GY85EMW43HM1C,1.99,75%,Male,46-55,NC
7/11/18,16:52:22,Vintage Accessories,1,Regular,1055,$8.00 ,$0.00 ,6VCM3N6Y9D5MJXTE6QFME667BG,1.99,75%,Female,18-25,SC
6/27/18,12:36:21,Vintage Accessories,2,,388,$8.00 ,$0.00 ,7F6532BQ755T2MWY30N846FQ8W,1.99,75%,Female,36-45,GA
6/16/18,13:03:44,Vintage Accessories,1,,753,$8.00 ,$0.00 ,JTDK9PDTS54NWNEBQ6TH0MD4VM,1.99,75%,Male,18-25,FL
6/1/18,14:52:56,Handmade - Apothecary,1,Regular,1241,$8.00 ,$0.00 ,NRW198975N2CPM7JF07RXRF7Z0,1.99,75%,Female,18-25,NC
5/1/18,14:06:13,Vintage Accessories,2,,388,$8.00 ,$0.00 ,1H07RPQFCD05EKR3SJNVP1E2G8,1.99,75%,Female,18-25,NC
4/28/18,18:03:42,Vintage Accessories,2,,388,$8.00 ,$0.00 ,GZJFF8A4X5698SPGTYG3H0DSXW,1.99,75%,Male,56-64,VA
4/28/18,15:25:25,Handmade - Stationery,1,,32,$8.00 ,$0.00 ,1WXGSXEBYS7MMJKP2A14TRP5QC,1.99,75%,Female,26-35,GA
4/26/18,16:46:59,Handmade - Stationery,1,,32,$8.00 ,$0.00 ,55YW6D4PAD714RTGPY6GS1MVE8,1.99,75%,Female,36-45,FL
4/20/18,15:32:51,Antiques,1,,369,$8.00 ,$0.00 ,C9P14N6FE55DCY59PTEFMSA93W,1.99,75%,Female,46-55,FL
4/13/18,14:28:45,Vintage Accessories,1,,151,$8.00 ,$0.00 ,V9BWKKZYA571GQA825VMVS8BWW,1.99,75%,Female,56-64,NC
4/12/18,17:01:41,Vintage Accessories,1,,752,$8.00 ,$0.00 ,JNNG55XQR958JGEVX2AGB6FXJM,1.99,75%,Male,18-25,NC
4/6/18,19:20:45,Antiques,1,Regular,1,$8.00 ,($0.80),WTMPPJQ1K960RKC1KADZ57BJFG,1.99,75%,Female,26-35,NC
3/24/18,12:43:59,Handmade - Stationery,1,,32,$8.00 ,($1.20),SG6NNBHCF90WTHC60VJCV7RXT8,1.99,75%,Female,36-45,NC
3/17/18,16:38:29,Vintage Accessories,2,,97,$8.00 ,$0.00 ,N087QJ80TN3YEH6E7ETSPYMX7W,1.99,75%,Male,18-25,NC
2/23/18,12:29:21,Handmade - Stationary,1,,32,$8.00 ,$0.00 ,J7TP7YRY1S3V6MDACF1YBJ56WG,1.99,75%,Female,46-55,NC
2/9/18,15:42:34,Vintage Accessories,1,Regular,809,$8.00 ,$0.00 ,DSQ7YQ19QX0G2XDRNRHZFF9X7G,1.99,75%,Female,18-25,VA
2/3/18,17:26:28,Vintage Accessories,2,,388,$8.00 ,$0.00 ,3X6270EHG11QRW1Y9NDGMSD3S0,1.99,75%,Male,56-64,GA
2/1/18,14:33:06,Antiques,1,,698,$8.00 ,($1.20),487NWD9KMD7HMHBE2WZ45EDF7R,1.99,75%,Female,18-25,GA
1/26/18,17:35:26,Handmade - Stationary,1,,32,$8.00 ,$0.00 ,MR9J6GGSCD2E4RXT23E60Y5F5C,1.99,75%,Female,18-25,FL
1/13/18,13:47:43,Vintage Accessories,1,,753,$8.00 ,$0.00 ,JNDBKF59DX7S0NVQG1JEYKQD90,1.99,75%,Female,26-35,NC
12/26/17,13:58:06,Antiques,1,,653,$8.00 ,$0.00 ,49X4A1998H2NRGK2Y82D3BKBW4,1.99,75%,Female,36-45,NC
12/23/17,14:03:17,Handmade - Artwork,1,,32,$8.00 ,($1.20),3TKKYDN35D7KYZ06HYXGSGRP3G,1.99,75%,Female,46-55,NC
12/13/17,15:26:16,Vintage Accessories,1,,733,$8.00 ,$0.00 ,WKDSS8CM991GGG4THPM1RJD25R,1.99,75%,Male,26-35,SC
12/9/17,16:08:00,Vintage Accessories,4,,385,$8.00 ,$0.00 ,RJCZ52AGA13B4RYVQSFC5QZCNW,1.99,75%,Male,36-45,SC
12/1/17,19:51:23,Antiques,2,,656,$8.00 ,($0.80),HY1C7AK2HH6GTZ5MW38GTJ1YP8,1.99,75%,Female,36-45,GA
12/1/17,19:48:28,Vintage Accessories,2,,388,$8.00 ,($0.80),42KWTWAZ7H1A6VVBMTRYB5QG6C,1.99,75%,Female,26-35,NC
11/28/17,22:09:06,Antiques,2,,656,$8.00 ,($1.60),RJ7QFCZSW57MRG2WCB84ATCSHM,1.99,75%,Female,18-25,NC
11/28/17,16:16:59,Handmade - Artwork,1,,522,$8.00 ,$0.00 ,KBQAJQ1Z4504MVGX1TET0H7SAC,1.99,75%,Male,36-45,NC
11/11/17,17:23:55,Vintage Clothing,1,,349,$8.00 ,$0.00 ,T60PGCJ3JH5RMPECEP4ZSYRNQG,1.99,75%,Female,46-55,NC
10/27/17,16:26:59,Handmade - Artwork,1,,32,$8.00 ,$0.00 ,XHPCSJXW8S05MY2CX101VYK5BC,1.99,75%,Male,26-35,NC
10/14/17,17:10:39,Handmade - Artwork,1,,32,$8.00 ,$0.00 ,YYC8VN44695GAQC0N1Y65CF62M,1.99,75%,Female,46-55,SC
10/14/17,15:40:21,Vintage Accessories,4,,383,$8.00 ,$0.00 ,VMC7DCP0CX0PEYCF2A0D04JFVR,1.99,75%,Female,18-25,VA
10/12/17,18:37:03,None,1,,,$8.00 ,$0.00 ,PM1EXXX5Z12W8QTW4R4MYWXSGM,1.99,75%,Male,26-35,VA
10/11/18,14:39:50,Handmade - Apothecary,1,,532,$7.99 ,$0.00 ,1WGZ4NN4WN2AAVEF4VFC2S3BMM,1.99,75%,Female,46-55,GA
10/9/18,17:11:46,Handmade - Apothecary,1,,532,$7.99 ,$0.00 ,NSBY3KP6TD7HJQQ6TERSC9WZ1M,1.99,75%,Female,18-25,GA
10/2/18,16:34:47,Handmade - Apothecary,1,,532,$7.99 ,$0.00 ,D37GQZK0ZD5NRMTVYGC7VTZTVW,1.99,75%,Male,26-35,FL
10/2/18,14:37:04,Handmade - Apothecary,1,,523,$7.99 ,$0.00 ,1GX7FXYQ4143GS4ZHJ68PCB18G,1.99,75%,Male,18-25,FL
10/2/18,14:34:44,Handmade - Apothecary,1,,523,$7.99 ,$0.00 ,X40T0D5MMS3GCH95A0KH8C1JP8,1.99,75%,Female,36-45,NC
9/29/18,13:04:52,Handmade - Apothecary,1,Rosy Cocoa,1185,$7.99 ,$0.00 ,NSX0RGGSV97MRGFY8NA6QWWZV8,1.99,75%,Female,18-25,NC
9/28/18,18:03:47,Handmade - Apothecary,1,,530,$7.99 ,($1.20),7RC1J9CGCD6X2SHX2K4P9VC19G,1.99,75%,Female,36-45,SC
9/28/18,13:26:58,Handmade - Apothecary,1,,523,$7.99 ,($1.20),XPW1H7FEGS45YTX5XN5KTA1RRM,1.99,75%,Female,56-64,VA
9/22/18,17:37:54,Handmade - Apothecary,1,,523,$7.99 ,$0.00 ,1XPWKE2FSD17EY6D67ST1EP9GM,1.99,75%,Female,64+,NC
9/13/18,16:02:22,Handmade - Apothecary,1,,532,$7.99 ,($1.20),FRMDCBMQND6Y6J0V54GHPT6E48,1.99,75%,Male,26-35,NC
9/6/18,15:48:27,Handmade - Apothecary,1,,523,$7.99 ,$0.00 ,4EFRACP6NX2WRNVX7XQ73QS0X4,1.99,75%,Female,26-35,NC
8/9/18,14:18:54,Antiques,1,,654,$7.99 ,$0.00 ,Q5K8B3N9YD59PMVBYVCBB3775W,1.99,75%,Female,18-25,NC
7/25/18,17:27:07,Handmade - Apothecary,1,Immune Zoom,531,$7.99 ,$0.00 ,GZ2WYP5TBN54RXAN8RDA98DRRW,1.99,75%,Male,26-35,NC
6/2/18,18:11:00,Handmade - Apothecary,1,Immune Zoom,531,$7.99 ,$0.00 ,G60PNTZP896W0HX9AVWEBF6GGG,1.99,75%,Female,18-25,NC
8/21/18,14:21:11,Handmade - Stationery,4,,430,$7.96 ,$0.00 ,3KAC9XWYR116JK8T3B3GKV02HM,1.99,75%,Male,18-25,TN
6/21/18,15:40:41,Vintage Accessories,1,Regular,816,$7.50 ,$0.00 ,ST7YDM8H793NWV4AGPWX4G0T00,1.99,73%,Female,26-35,VA
10/12/17,20:57:36,Furniture,1,Regular,63,$7.50 ,$0.00 ,N82R2SW68X22EWW4ABWR5RN7K0,1.99,73%,Female,56-64,GA
11/28/17,22:09:06,None,1,,,$7.15 ,($1.43),QAM0JC9S9H20WSVSME3JPD5D84,1.99,72%,Female,18-25,FL
10/12/18,19:40:28,Handmade - Candles,1,Regular,765,$7.00 ,$0.00 ,W5THY9QTED3G2S04NR3000MGN0,1.99,72%,Male,26-35,NC
10/12/18,19:12:29,Antiques,1,,544,$7.00 ,$0.00 ,5XBD5NZ77N4ZGS58XJN7M3SG08,1.99,72%,Female,26-35,SC
10/12/18,18:52:13,Antiques,1,Regular,1675,$7.00 ,($1.05),YAFQ5QK2X11BCQ09W4XD4CCGZW,1.99,72%,Male,46-55,SC
10/12/18,15:04:46,Handmade - Apothecary,1,peppermint,1689,$7.00 ,$0.00 ,Z7T23N1KPS09EG32DVPTSMADF8,1.99,72%,Female,46-55,GA
10/11/18,14:28:21,Antiques,1,,544,$7.00 ,($1.05),2ERKYAWNFX5ZJP1Y6XVPAFE1B0,1.99,72%,Female,26-35,NC
10/10/18,11:57:07,Vintage Accessories,1,,732,$7.00 ,$0.00 ,X6EXV537R92RRT01PPKE4RB71R,1.99,72%,Male,36-45,NC
10/3/18,17:00:59,Antiques,1,,544,$7.00 ,$0.00 ,EDZ2PZ6E31692YYVM9QFTYMBNC,1.99,72%,Female,26-35,NC
9/29/18,18:15:21,Antiques,1,,544,$7.00 ,($1.05),RWC0Q1Y64H09YNN2Q6CKB2E32W,1.99,72%,Male,36-45,NC
9/29/18,17:33:38,Vintage Accessories,1,,735,$7.00 ,($1.05),03TXR02WYH0MYSAZBVKMJQ7P4C,1.99,72%,Male,46-55,SC
9/29/18,12:41:17,Handmade - Apothecary,1,grapefruit and ginger,1635,$7.00 ,$0.00 ,JM6R5E73KD1Q4Z2JDFKGG1HM2C,1.99,72%,Female,26-35,TN
9/22/18,18:34:49,Antiques,1,Regular,1048,$7.00 ,$0.00 ,FQ69YAE6ZX4DAK1CHVEP0NBA1G,1.99,72%,Male,26-35,FL
9/22/18,13:39:11,Vintage Accessories,1,Regular,1620,$7.00 ,$0.00 ,KGJXDHW28X25YZZQENMN8PY91W,1.99,72%,Female,18-25,NC
9/13/18,12:17:11,Handmade - Apothecary,1,Regular,1238,$7.00 ,$0.00 ,68HPV22A894N0T5DSE4W99TTPC,1.99,72%,Female,18-25,TN
9/7/18,13:35:05,Vintage Accessories,1,Regular,1620,$7.00 ,$0.00 ,27M7EQTNJX0BEPDBY25D888H24,1.99,72%,Female,56-64,GA
9/1/18,13:25:12,Vintage Accessories,1,Regular,1620,$7.00 ,$0.00 ,ED9FTJJ8EN7WRQFNJ7EKSZV84W,1.99,72%,Female,64+,FL
8/30/18,15:15:40,Antiques,1,,544,$7.00 ,$0.00 ,H57TYSDPXD6FEJJ6G2V9PNP848,1.99,72%,Male,26-35,NC
8/25/18,13:50:01,Vintage Accessories,1,Regular,471,$7.00 ,$0.00 ,TSGB7510B17ZAS1P7PSGTRAKKC,1.99,72%,Male,36-45,NC
8/21/18,13:45:13,Handmade - Apothecary,1,Regular,1238,$7.00 ,$0.00 ,F2PWEX9RPN7GF4FME2YH395MV4,1.99,72%,Female,18-25,NC
8/18/18,12:36:48,Handmade - Apothecary,1,Regular,1238,$7.00 ,($1.05),7KMH5MZ4555DRSNQ4PR1HEW46W,1.99,72%,Female,36-45,NC
8/11/18,15:05:14,Handmade - Apothecary,1,Regular,1238,$7.00 ,$0.00 ,Y42NBVF73X7Y4MRYK0G5W5S69M,1.99,72%,Male,18-25,NC
8/11/18,14:16:07,Antiques,1,,544,$7.00 ,$0.00 ,PCN3S8PZZS31CVK7FRKGRZYWH0,1.99,72%,Male,26-35,NC
7/28/18,17:03:02,Antiques,1,,544,$7.00 ,$0.00 ,B1FZGJETRS6CCWPHAN71P9G02W,1.99,72%,Female,36-45,VA
7/25/18,14:49:24,Antiques,1,,544,$7.00 ,$0.00 ,5XVHBN524H7EEJE8WGRC6XK670,1.99,72%,Female,56-64,VA
7/18/18,13:16:09,Antiques,1,,544,$7.00 ,$0.00 ,P6RQ5GHM657MGM73M6BD403MBG,1.99,72%,Female,64+,GA
7/13/18,18:42:08,Antiques,1,,544,$7.00 ,$0.00 ,CSCKS3P8TN0BRZPRT41EG6D610,1.99,72%,Male,18-25,GA
7/11/18,16:51:01,Antiques,1,,544,$7.00 ,$0.00 ,A7KMNC65WX3KCX24139D8W65AC,1.99,72%,Female,36-45,FL
7/11/18,16:27:48,Found,1,Regular,1043,$7.00 ,$0.00 ,C49WRDJC454TPW3AQR1EW1AS08,1.99,72%,Female,46-55,SC
7/7/18,14:42:09,Vintage Accessories,1,,181,$7.00 ,($1.05),PSW9NNYA152VCR6R59H7KXFRRR,1.99,72%,Female,46-55,GA
7/7/18,13:09:41,Antiques,1,,544,$7.00 ,$0.00 ,ZHNKW9XWXH53EWRZN1R0SMPT60,1.99,72%,Female,26-35,NC
7/4/18,14:15:15,Handmade - Apothecary,1,Regular,1238,$7.00 ,$0.00 ,K43K39GW712ZPXASAWETQQATY0,1.99,72%,Female,36-45,NC
7/3/18,16:55:00,Antiques,1,,544,$7.00 ,$0.00 ,QTYVQPEDVS0HGWCJKY0EV1WHX8,1.99,72%,Female,18-25,NC
6/23/18,13:43:12,Handmade - Apothecary,1,Regular,1238,$7.00 ,$0.00 ,V4BBSDTDHN7Z4PWDDQ0HM66SK4,1.99,72%,Female,18-25,NC
6/20/18,17:22:44,Found,1,Regular,1043,$7.00 ,($0.70),4QZR91BWJS256WQDRZW2JTV26G,1.99,72%,Male,46-55,NC
6/20/18,13:22:31,Antiques,1,,1288,$7.00 ,$0.00 ,8VXFATT9EX2RMX5DS9V3GVAEVR,1.99,72%,Male,56-64,SC
6/14/18,16:37:02,Handmade - Candles,1,Regular,765,$7.00 ,$0.00 ,8B5T1J4D2D696HM98P9W7NG82C,1.99,72%,Female,26-35,SC
6/8/18,17:59:32,Handmade - Apothecary,1,Regular,1238,$7.00 ,$0.00 ,PQZW3G9WC156YWYW48DAVBM6JM,1.99,72%,Female,36-45,TN
6/1/18,18:20:11,Handmade - Apothecary,1,Regular,1238,$7.00 ,($0.70),ZEHX4XQDF10XAVS7WZ18VV2YKC,1.99,72%,Female,46-55,VA
5/25/18,14:05:50,Handmade - Candles,1,Regular,765,$7.00 ,$0.00 ,GF05CRQ9157KASD0V3QDHJFGXC,1.99,72%,Female,26-35,GA
5/15/18,14:03:45,Antiques,1,,544,$7.00 ,$0.00 ,D3EQX6KDVN1S0X8X89PX0DRCFM,1.99,72%,Female,36-45,FL
5/12/18,18:33:57,Antiques,1,,544,$7.00 ,$0.00 ,A55V1AZP516H4GEQWRNZDGBBH4,1.99,72%,Male,26-35,NC
5/11/18,16:21:01,Antiques,1,,544,$7.00 ,$0.00 ,70P881R1H155PRQVQ79DNQYNJ8,1.99,72%,Female,18-25,SC
5/8/18,14:17:03,Antiques,1,,544,$7.00 ,$0.00 ,DW75C3G68S4M0X7Z1QYAW9RAXC,1.99,72%,Female,36-45,VA
4/27/18,18:21:33,Antiques,1,,544,$7.00 ,($1.05),QCSFB5X1YH59MRV6TGPE265ZR4,1.99,72%,Male,46-55,VA
4/26/18,12:49:11,None,1,Regular,1147,$7.00 ,$0.00 ,9VBS40D7SN4F0M04RA4GNPSW38,1.99,72%,Female,26-35,NC
4/20/18,13:37:01,Handmade - Candles,1,Regular,765,$7.00 ,$0.00 ,3X5GTVDA151HGJM84NWHPRAW9C,1.99,72%,Male,26-35,NC
4/17/18,17:43:23,Handmade - Candles,1,Regular,765,$7.00 ,$0.00 ,0A5C87YEQX0EAKEMT75Y7PMZPC,1.99,72%,Female,56-64,NC
4/14/18,17:51:39,Antiques,1,,544,$7.00 ,$0.00 ,SGR0ZC03PN3PWWQHRXE1N8982W,1.99,72%,Female,26-35,SC
4/14/18,17:13:21,Handmade - Candles,1,Regular,765,$7.00 ,$0.00 ,EJE45W512X448T6V59PMJKV2J0,1.99,72%,Male,46-55,TN
4/14/18,16:31:32,Handmade - Candles,1,Regular,765,$7.00 ,($0.70),8SJPX4ERAD4RWHP4D9BPPVJXF4,1.99,72%,Male,56-64,VA
4/14/18,16:18:11,Antiques,1,Regular,1048,$7.00 ,($0.70),CD7NEC7XBH3FPWZZ98DRP34HF0,1.99,72%,Female,64+,VA
4/7/18,15:26:56,Handmade - Candles,1,Regular,765,$7.00 ,$0.00 ,02WNDJBDV16VWQSNNQXK73T9M0,1.99,72%,Female,18-25,VA
4/7/18,13:23:33,Handmade - Candles,1,Regular,765,$7.00 ,$0.00 ,BKRKMAKE5S1KWJXAS573MFFX6G,1.99,72%,Female,26-35,GA
4/6/18,21:02:21,Handmade - Candles,1,Regular,765,$7.00 ,($0.70),MVZYM5DQPD2GJVD3K674NJ2K3R,1.99,72%,Female,18-25,GA
4/3/18,14:41:39,Antiques,1,,544,$7.00 ,$0.00 ,GR0ECMMPSS4XEK6GEDFK17ZT40,1.99,72%,Male,36-45,GA
3/31/18,16:24:43,Handmade - Candles,1,Regular,765,$7.00 ,$0.00 ,P5TN2RY6B918WGWCMDST4W5JYW,1.99,72%,Female,18-25,FL
3/30/18,14:11:10,Vintage Accessories,1,,747,$7.00 ,$0.00 ,103W60VXS511GM6J5X0Z2PXBQC,1.99,72%,Female,46-55,NC
3/30/18,14:11:10,Vintage Accessories,1,,746,$7.00 ,$0.00 ,J8XYSGY5ZH2GEXB0WS5TYYCVX0,1.99,72%,Male,18-25,NC
3/24/18,17:27:55,Antiques,1,,544,$7.00 ,$0.00 ,2Y5Y0NJPA17G6M6803MHA1E4A8,1.99,72%,Female,36-45,NC
3/20/18,14:26:57,Handmade - Candles,1,Regular,765,$7.00 ,$0.00 ,3C366ER1ZN47AKGHEMYWFY8310,1.99,72%,Female,18-25,SC
3/10/18,17:46:55,Vintage Clothing,1,Regular,995,$7.00 ,$0.00 ,TTJNX7QTHH43AYT3V8AXR0FN38,1.99,72%,Male,46-55,VA
3/8/18,16:38:06,Antiques,1,,931,$7.00 ,$0.00 ,TRME0ADYJ5534M4NQ2MJMGRVPC,1.99,72%,Female,64+,GA
3/8/18,15:36:30,Handmade - Candles,1,Regular,765,$7.00 ,$0.00 ,KCXPT2FY6N1FMX7GYP5VJ0TKYW,1.99,72%,Female,18-25,GA
3/2/18,17:16:15,Antiques,1,,544,$7.00 ,($0.70),RF9F7FJHR16STGH95AZX13HH8R,1.99,72%,Female,26-35,FL
3/1/18,12:26:33,Handmade - Candles,1,Regular,765,$7.00 ,$0.00 ,32VX731EAH42MPKHD99FXZVKHC,1.99,72%,Female,36-45,NC
2/14/18,13:48:33,Handmade - Candles,1,Regular,765,$7.00 ,$0.00 ,HC3AHZFWH5546Q5CWRS7SP30E0,1.99,72%,Female,26-35,NC
2/10/18,15:36:28,Antiques,1,,544,$7.00 ,$0.00 ,Y24BDRXC6164PYWPBKMQ5EY9T8,1.99,72%,Female,46-55,NC
2/9/18,17:01:10,Antiques,1,,544,$7.00 ,($1.05),EMGJDRDQS1510K4R35B5TAP0AC,1.99,72%,Male,18-25,SC
2/1/18,14:33:06,Antiques,1,,544,$7.00 ,($1.05),J8AR4F925S0K0Z58XJRTJDXFMW,1.99,72%,Male,46-55,NC
1/27/18,15:05:01,Antiques,1,,544,$7.00 ,$0.00 ,X8VSB6MXX151WGSA3QEMR3QA44,1.99,72%,Female,26-35,NC
1/19/18,14:35:46,Antiques,1,,544,$7.00 ,$0.00 ,KWJR4W3AY57VCT35YVA07M7ZN4,1.99,72%,Female,36-45,NC
1/5/18,14:01:39,Handmade - Candles,1,Regular,765,$7.00 ,($1.05),0TGT5T43RS7APPWS34ZPKQF95C,1.99,72%,Male,36-45,NC
12/29/17,18:52:12,Handmade - Candles,1,Regular,765,$7.00 ,$0.00 ,QKRJ6X5MG93MRX6TT22M7JPESM,1.99,72%,Female,36-45,SC
12/29/17,14:54:14,Vintage Accessories,1,,751,$7.00 ,$0.00 ,YADBEMFQ9N0PPMGGW6S7HT5F6C,1.99,72%,Male,56-64,TN
12/26/17,17:04:57,Handmade - Candles,1,Regular,765,$7.00 ,$0.00 ,GRXDDHFK953G2V8K6A6B3MCQNM,1.99,72%,Male,36-45,GA
12/26/17,14:32:26,Antiques,1,,544,$7.00 ,$0.00 ,GQTPKFHC516DASFGW1SDY0JHQ8,1.99,72%,Female,46-55,NC
12/21/17,15:40:26,Handmade - Candles,1,Regular,765,$7.00 ,($1.05),P8T4C34MRH6X6KXMD2AM6NWHMW,1.99,72%,Female,18-25,NC
12/16/17,16:21:02,Handmade - Candles,1,Regular,765,$7.00 ,$0.00 ,G13094ECP16ERKFP9RJ1JY9WTM,1.99,72%,Male,26-35,NC
12/13/17,12:03:30,Vintage Accessories,1,,732,$7.00 ,$0.00 ,R7JETR8HWN7DJXRZH24M5DHC14,1.99,72%,Male,36-45,NC
12/7/17,12:21:31,Vintage Accessories,1,,191,$7.00 ,$0.00 ,CPRG89MGN10S0SRD01FAVCTNXC,1.99,72%,Male,46-55,NC
12/1/17,20:31:18,Antiques,1,,643,$7.00 ,($0.70),YXNRK3R85N5Q6Q4R83NP260940,1.99,72%,Female,56-64,NC
11/25/17,11:10:58,Antiques,1,,544,$7.00 ,($1.40),BY1H6XCBVN3KCGCJH7NQHGW7RC,1.99,72%,Female,36-45,SC
11/10/17,14:48:13,Vintage Accessories,1,,185,$7.00 ,$0.00 ,7HWRMMWYW975PKSQCQ0GKEM1BR,1.99,72%,Female,64+,VA
11/3/17,19:04:43,Vintage Accessories,1,,182,$7.00 ,($0.70),XSYAFWYNHN3E8W467ZN1ZW2EY0,1.99,72%,Male,36-45,NC
10/20/17,17:45:40,Vintage Accessories,1,Regular,467,$7.00 ,$0.00 ,QYYRPE824D54GS3DK0T26YXBEW,1.99,72%,Female,46-55,NC
10/20/17,17:42:40,Vintage Accessories,1,,193,$7.00 ,$0.00 ,6JNY2GJH2H400R3T0MWKFEKDJ4,1.99,72%,Male,18-25,NC
10/20/17,17:41:06,Vintage Accessories,1,Regular,468,$7.00 ,$0.00 ,F835C51SH14DRGR3WG5QEKKMAW,1.99,72%,Male,36-45,SC
10/14/17,14:36:27,Vintage Accessories,1,,64,$7.00 ,$0.00 ,4Z89H2P6654EMZ8FKP7T7N49BW,1.99,72%,Female,36-45,GA
8/18/18,15:17:39,Handmade - Candles,1,Regular,483,$6.99 ,($0.70),A4BCTVD4KD4WYR19NNQXKPG6EG,1.99,72%,Female,18-25,GA
8/10/18,17:55:25,Handmade - Candles,1,Regular,483,$6.99 ,$0.00 ,D4C0JQQ4NN296WY0EVSPSH9D8C,1.99,72%,Female,36-45,FL
8/4/18,15:01:18,Handmade - Stationery,1,Regular,909,$6.99 ,$0.00 ,Y63E244YE506CK3PETCSH2CDQ8,1.99,72%,Male,18-25,NC
7/4/18,16:01:18,Handmade - Candles,1,Regular,483,$6.99 ,($1.05),ZXKHAMM3YS4DYWCGJ108GCWY70,1.99,72%,Female,46-55,NC
6/15/18,14:39:10,Handmade - Stationery,1,Regular,909,$6.99 ,($1.05),3VMEMJZKC92PYYD781DTN2FJ9W,1.99,72%,Female,56-64,TN
10/12/18,19:14:07,Handmade - Stationery,1,Regular,1631,$6.00 ,$0.00 ,C101V456392WGTT2TAK00S6TS4,1.99,67%,Male,26-35,GA
10/11/18,16:43:06,Antiques,1,Regular,1665,$6.00 ,$0.00 ,8990GRW9H50NJPTR8NFHBVQ8T4,1.99,67%,Female,36-45,NC
9/29/18,14:04:59,Handmade - Stationery,1,Regular,1631,$6.00 ,$0.00 ,V5TDFJZYBD2P0Q3KSZDNHDT7BW,1.99,67%,Female,64+,SC
9/29/18,12:50:44,Vintage Accessories,1,Regular,470,$6.00 ,($0.90),ABAN2AJHHX5B4NJPNS1XCJZWZ4,1.99,67%,Male,26-35,VA
9/22/18,15:46:08,Handmade - Stationery,1,Regular,1631,$6.00 ,$0.00 ,4CVDRBPWZD2K8QMY6CWJSVCG30,1.99,67%,Female,18-25,GA
9/22/18,13:44:33,Handmade - Stationery,1,Regular,1631,$6.00 ,$0.00 ,81D8ASW1517JAX96RT9RG739QG,1.99,67%,Male,18-25,NC
9/22/18,12:20:28,Vintage Accessories,3,,383,$6.00 ,$0.00 ,BH1TWTYY4X1MYVA80SKD9Q91PW,1.99,67%,Female,46-55,SC
9/21/18,18:47:59,Handmade - Stationery,1,Regular,1631,$6.00 ,$0.00 ,CCV503EM3D4AAPF0HEYNKP20Y0,1.99,67%,Male,64+,TN
9/18/18,15:05:30,Handmade - Stationery,1,Regular,1631,$6.00 ,($0.90),1VKNH8P69N38TTXC01CZ4HMF5G,1.99,67%,Female,26-35,VA
7/28/18,13:05:45,Vintage Accessories,3,,383,$6.00 ,$0.00 ,0KNNM1NK516YTT67R5C94TFP5M,1.99,67%,Female,36-45,FL
6/21/18,17:00:20,Vintage Accessories,3,,383,$6.00 ,$0.00 ,VWKQZGG8JH4YGQ0WWMSJHJK9CW,1.99,67%,Female,26-35,NC
6/21/18,15:07:52,Handmade - Artwork,3,Regular,403,$6.00 ,$0.00 ,AK3D2GXGND6HRWVCVC3J9REYGG,1.99,67%,Male,56-64,NC
5/19/18,16:51:10,Antiques,1,,297,$6.00 ,$0.00 ,DN6MPMCEVH68TWXA4NBZHG5RWM,1.99,67%,Female,46-55,NC
5/5/18,17:27:53,Vintage Accessories,1,,742,$6.00 ,$0.00 ,JQN8N9D37D134JK4X4QD13THMC,1.99,67%,Male,56-64,SC
4/28/18,18:03:42,Vintage Accessories,3,,383,$6.00 ,$0.00 ,ARGDDWHMWX750VR8KNY4F6M82C,1.99,67%,Male,64+,SC
4/6/18,19:28:20,Vintage Accessories,2,,389,$6.00 ,($0.60),HVAH7ZAM4D2D2MKQSRJJEBTSK0,1.99,67%,Female,18-25,SC
3/31/18,14:56:18,Vintage Accessories,1,,741,$6.00 ,$0.00 ,YA0N0HKE2N4W6SPE2RPRKZ99CM,1.99,67%,Male,18-25,GA
3/30/18,14:04:35,Vintage Accessories,3,,383,$6.00 ,$0.00 ,DFTJV52YFX4JANMTKVJYCYXTAC,1.99,67%,Male,26-35,GA
3/17/18,18:15:24,Antiques,1,,297,$6.00 ,$0.00 ,S8T7QX62811WRWNJRJCK5G9G6R,1.99,67%,Female,18-25,FL
3/14/18,16:39:34,Vintage Accessories,1,,364,$6.00 ,$0.00 ,QDXG1EKJ393T8GP3QSNR8SQWAW,1.99,67%,Female,26-35,FL
2/24/18,12:24:38,Custom Merchandise,3,Regular,503,$6.00 ,$0.00 ,M82Z9YGES546WZS071P03704FG,1.99,67%,Male,46-55,NC
2/13/18,18:42:56,Vintage Accessories,1,,756,$6.00 ,($0.90),E8AZBD9SP15JYPBCNX72E1X8MR,1.99,67%,Female,36-45,NC
2/13/18,16:56:00,Vintage Accessories,2,,389,$6.00 ,($0.90),EV6JVXEQPS7F4XHQHQJRDACME8,1.99,67%,Female,26-35,VA
1/19/18,14:35:46,Vintage Accessories,3,,383,$6.00 ,$0.00 ,WPADF2TTTD7M8R6EJVP447V0N0,1.99,67%,Female,26-35,SC
1/13/18,14:03:07,Custom Merchandise,3,Regular,503,$6.00 ,($0.90),QTD7EATT0D40TMM7FRB9QYX2H8,1.99,67%,Female,36-45,FL
1/9/18,15:39:03,Vintage Accessories,2,,389,$6.00 ,$0.00 ,W8D6RCE29X0WMG4NFZHT4Y2JHW,1.99,67%,Male,26-35,VA
12/26/17,16:20:17,Vintage Accessories,1,Regular,472,$6.00 ,$0.00 ,ZADPFJ5R95130KQCD18EPB4KD4,1.99,67%,Female,36-45,NC
12/23/17,14:26:51,Antiques,1,,297,$6.00 ,($0.90),QDYBKZ3KC11R2SNMAREZRP5XE8,1.99,67%,Female,46-55,NC
12/23/17,14:03:17,Vintage Accessories,1,,290,$6.00 ,($0.90),0CDND5WRVN2Q2GV2C2SZ5BYD4G,1.99,67%,Male,18-25,NC
12/22/17,15:16:41,Holiday,2,,693,$6.00 ,($0.90),NZY4XR7W994Q8P47H6W0E8N350,1.99,67%,Female,46-55,NC
12/21/17,12:40:04,Vintage Accessories,3,,385,$6.00 ,($0.90),MN22SVY6ZS62WKMFTFZZXT9P1R,1.99,67%,Female,64+,NC
12/13/17,12:24:33,Vintage Accessories,1,,47,$6.00 ,($0.90),4KHKPEZ4J54ERTNM7YY13TW6A4,1.99,67%,Female,26-35,TN
12/12/17,15:40:50,Vintage Accessories,3,,383,$6.00 ,$0.00 ,6F5KD5S0F92TMPQ2QC10G1WK1C,1.99,67%,Female,18-25,GA
12/1/17,16:26:27,Vintage Accessories,1,,551,$6.00 ,($0.60),B0D1YJPHK15HMW636A0PAYCP9W,1.99,67%,Female,26-35,GA
11/25/17,11:39:41,Vintage Accessories,3,,383,$6.00 ,($1.20),KJ9Y0WDRNS23PGWBHTQE9KT3A0,1.99,67%,Male,18-25,NC
11/24/17,12:56:28,Vintage Accessories,2,,389,$6.00 ,($1.20),X77ZHDH5XH03JHS9928DBZKFQM,1.99,67%,Female,36-45,NC
11/3/17,20:46:41,Vintage Accessories,3,,383,$6.00 ,($0.60),5HA87V6R3N4BJSHDVV1DNCK5J8,1.99,67%,Male,64+,SC
10/28/17,12:54:51,Vintage Accessories,1,,46,$6.00 ,$0.00 ,N4M15M1FRD54RJ25TVDGWMD6WR,1.99,67%,Male,26-35,GA
10/12/17,18:48:38,Vintage Accessories,3,,385,$6.00 ,$0.00 ,F1BSN9KDPN13MMYWYA9GWVPPQR,1.99,67%,Male,36-45,GA
9/21/18,12:52:11,Handmade - Home,1,Regular,768,$5.99 ,$0.00 ,VX960BFDED7JYYSZ7PSH8BA5FM,1.99,67%,Male,46-55,NC
8/21/18,14:21:11,Handmade - Stationery,2,,429,$5.98 ,$0.00 ,PG96CZ9E993V6MTE3VYK99Z3P0,1.99,67%,Female,18-25,SC
5/26/18,12:28:40,Handmade - Stationery,2,,428,$5.98 ,$0.00 ,9Z1V8FQEEH3FEYT8TJY0K69M80,1.99,67%,Female,18-25,SC
4/14/18,16:31:32,Handmade - Artwork,1,Regular,795,$5.25 ,($0.53),MS18A2C7S57S0GQTN8H0A68JAR,1.99,62%,Male,18-25,VA
4/6/18,20:19:02,Handmade - Artwork,1,Regular,795,$5.25 ,($0.52),CKPF3RXVS94AMPMTH6ED11J8CR,1.99,62%,Male,36-45,NC
4/6/18,18:53:11,Handmade - Artwork,1,Regular,795,$5.25 ,($0.52),J744ACE5955XMYDYJPDM8HJWYW,1.99,62%,Female,18-25,TN
3/9/18,13:01:44,Handmade - Artwork,1,Regular,795,$5.25 ,$0.00 ,2NW9JNHW812A0W6NNY66TR99BW,1.99,62%,Female,26-35,VA
3/2/18,20:17:04,Handmade - Artwork,1,Regular,795,$5.25 ,($0.52),YRAXFX02TN5XEG7J45KJ8H1GRR,1.99,62%,Male,18-25,GA
3/2/18,20:16:15,Handmade - Artwork,1,Regular,795,$5.25 ,($0.52),BV4GM56PK90XPSBZJ90VAXM0FR,1.99,62%,Female,46-55,GA
2/24/18,16:06:15,Handmade - Artwork,1,Regular,795,$5.25 ,$0.00 ,E2W9QCT2JX5E6VF0AJSXSAMNWM,1.99,62%,Male,18-25,SC
2/24/18,16:02:50,Handmade - Artwork,1,Regular,795,$5.25 ,$0.00 ,Z16D8N7Y1N2SAX19F16BM5Z7SG,1.99,62%,Male,18-25,FL
2/10/18,16:15:36,Handmade - Artwork,1,Regular,795,$5.25 ,($0.79),VN1H9X9SR12T8RG659YJ41XQYM,1.99,62%,Female,36-45,NC
2/10/18,16:10:45,Handmade - Artwork,1,Regular,795,$5.25 ,$0.00 ,PC6A64W21X3XCH96S1VPHW4MDC,1.99,62%,Female,56-64,NC
2/10/18,13:00:53,Handmade - Artwork,1,Regular,795,$5.25 ,$0.00 ,4NY9EGYATN3TTVN4SEZYG5CSQG,1.99,62%,Male,18-25,NC
2/9/18,17:42:28,Handmade - Artwork,1,Regular,795,$5.25 ,$0.00 ,ZB9TK60F5N0H6PD1PR3STYFV4G,1.99,62%,Male,26-35,NC
10/12/18,19:14:07,Handmade - Stationery,1,,855,$5.00 ,$0.00 ,J6R3MQNZYX4GGHQMQXWJHV322W,1.99,60%,Female,18-25,TN
10/12/18,18:52:13,Antiques,1,,1554,$5.00 ,($0.75),TBZ71KK6190X4PR4NVB2C9C58R,1.99,60%,Male,36-45,VA
10/12/18,16:56:03,Handmade - Artwork,1,Regular,793,$5.00 ,$0.00 ,8PRTDRBMY16TAGJ8PB641Q646G,1.99,60%,Female,46-55,VA
10/2/18,16:34:47,Handmade - Stationery,1,,855,$5.00 ,$0.00 ,Z5VWH6AZK97QRXWQ1TD6BMB7D0,1.99,60%,Female,36-45,GA
9/29/18,15:43:12,Handmade - Stationery,1,tulip field,490,$5.00 ,$0.00 ,YJX5N8VTPS0W2MCW28C8B1GZVW,1.99,60%,Male,18-25,FL
9/29/18,12:42:39,Antiques,1,Regular,1673,$5.00 ,$0.00 ,B0M9ASEPP97WCZAN2N5VX0P4T8,1.99,60%,Male,18-25,NC
9/27/18,16:18:02,Handmade - Stationery,1,,855,$5.00 ,$0.00 ,15DJ2FS1XN0P4W409EBET0QBTM,1.99,60%,Female,26-35,SC
9/25/18,16:26:13,Handmade - Stationery,1,Regular,1502,$5.00 ,$0.00 ,4W6GSV4FF57Y6PGRRANRP0T618,1.99,60%,Male,26-35,VA
9/25/18,16:26:13,Handmade - Stationery,1,,855,$5.00 ,$0.00 ,N0XVAR7NFS64MYHMKEA0QT47CR,1.99,60%,Female,36-45,GA
9/25/18,16:26:13,Handmade - Stationery,1,,855,$5.00 ,$0.00 ,JCNCNQCM8S5KCQVZBFXC7VH2Y0,1.99,60%,Female,26-35,FL
9/25/18,16:26:13,Handmade - Stationery,1,Regular,1502,$5.00 ,$0.00 ,KRK4XJD5BN3XAKB21XZQK4SWZW,1.99,60%,Male,36-45,NC
9/25/18,16:26:13,Handmade - Stationery,1,,855,$5.00 ,$0.00 ,B4GXGHN25D7YTYW34TZH0BRP8R,1.99,60%,Female,18-25,NC
9/22/18,18:34:49,Handmade - Stationery,1,,855,$5.00 ,$0.00 ,7W3KZMGBMD6RAN15QJEAFQHP0W,1.99,60%,Female,26-35,NC
9/22/18,17:06:56,Handmade - Stationery,1,,855,$5.00 ,($0.75),VK2CQ3EQWS5KJP1P9W4YCJMA5W,1.99,60%,Male,56-64,NC
9/22/18,15:46:08,Handmade - Stationery,1,,855,$5.00 ,$0.00 ,C74FEY6E4H53YJ5HNGY4MTE17R,1.99,60%,Male,64+,NC
9/22/18,13:44:33,Handmade - Stationery,1,,855,$5.00 ,$0.00 ,G7Q533TWZ50NWWHSA3589891YR,1.99,60%,Male,36-45,SC
9/21/18,18:47:59,Handmade - Stationery,1,,855,$5.00 ,$0.00 ,P78B1RXGVD0K8XDZTFZRW3DBE4,1.99,60%,Male,18-25,SC
9/21/18,18:06:36,Handmade - Stationery,1,,855,$5.00 ,($0.75),P76GXFFJC15QMJS2R5QHNC9BV8,1.99,60%,Female,36-45,VA
9/18/18,15:18:00,Handmade - Stationery,1,,855,$5.00 ,($0.75),H59HQ49HX5278SH2YWYM2E2E8C,1.99,60%,Male,36-45,GA
9/18/18,14:07:20,Handmade - Stationery,1,bread and jam,1323,$5.00 ,($0.75),4MMFMQY2R92V4NQM7GBWM978Q4,1.99,60%,Female,64+,NC
9/13/18,14:04:13,Handmade - Stationery,1,,855,$5.00 ,$0.00 ,D1FA3DFV2N60GZN0QFT6K090HM,1.99,60%,Female,26-35,NC
9/12/18,16:07:46,Handmade - Stationery,1,,855,$5.00 ,$0.00 ,08NW52X0HD5NEQ30B89ZKJCWNG,1.99,60%,Female,36-45,TN
9/12/18,15:29:41,Handmade - Stationery,1,,855,$5.00 ,($0.75),3SWP0EAF1H248XAB18XGEXNH5C,1.99,60%,Female,46-55,NC
9/8/18,15:40:09,Handmade - Stationery,1,happy birthday floral,1328,$5.00 ,($1.00),ZJCN51XZYX5A8QDJ6WGWD2MXZG,1.99,60%,Female,36-45,SC
9/8/18,14:40:44,Handmade - Stationery,1,,855,$5.00 ,($0.50),6XKX30J5A151TYCAXRTQQ7PWNW,1.99,60%,Female,18-25,SC
9/5/18,16:33:43,Handmade - Stationery,1,Regular,1502,$5.00 ,$0.00 ,XYC900WHQN0KPSQ0X54X85DY40,1.99,60%,Female,26-35,TN
9/5/18,16:33:43,Handmade - Stationery,1,Regular,1502,$5.00 ,$0.00 ,1CYD6K00E56ATK3JZV61JXTY4C,1.99,60%,Female,36-45,FL
9/1/18,12:32:29,Handmade - Stationery,1,,855,$5.00 ,$0.00 ,P63B1NF9ZH47JKBZPNTJND9DBM,1.99,60%,Female,18-25,NC
8/30/18,16:43:29,Handmade - Stationery,1,,855,$5.00 ,$0.00 ,TM9SXXC4TS412ZHMTBA505ZZYM,1.99,60%,Female,46-55,VA
8/30/18,16:43:29,Handmade - Stationery,1,,855,$5.00 ,$0.00 ,6AEZ91EEES3SRYRWX7YS5NS5RM,1.99,60%,Male,36-45,FL
8/30/18,16:43:29,Handmade - Stationery,1,,855,$5.00 ,$0.00 ,B8GJGMFJX17A2TKKVDRKNR5ED0,1.99,60%,Female,18-25,NC
8/29/18,16:02:51,Handmade - Stationery,1,squiggle,1321,$5.00 ,$0.00 ,7FBPHAQF9D73EJGQR05J7DK04C,1.99,60%,Female,64+,NC
8/29/18,16:02:51,Handmade - Stationery,1,,855,$5.00 ,$0.00 ,T1X2G1B82N53MJ49FCMT7VSTEC,1.99,60%,Female,18-25,NC
8/29/18,13:53:17,Handmade - Stationery,1,,855,$5.00 ,$0.00 ,0SVEJ28BSN1J4SAP6X2MB6B38W,1.99,60%,Male,36-45,NC
8/28/18,14:21:04,Handmade - Stationery,1,,855,$5.00 ,$0.00 ,TQ1P0PCT6D3JGPAFCCE9E5DM5G,1.99,60%,Female,36-45,GA
8/25/18,15:26:26,Handmade - Stationery,1,,855,$5.00 ,$0.00 ,DTBM999ZRN7PTP3EX8BMRGD14R,1.99,60%,Female,18-25,SC
8/25/18,15:26:26,Handmade - Stationery,1,many kind thanks,1324,$5.00 ,$0.00 ,YADBEMFQ9N0PPMGGW6S7HT5F6C,1.99,60%,Male,56-64,TN
8/25/18,14:16:11,Handmade - Artwork,1,Regular,796,$5.00 ,($0.75),YXNRK3R85N5Q6Q4R83NP260940,1.99,60%,Female,56-64,NC
8/25/18,13:40:07,Handmade - Stationery,1,,855,$5.00 ,($0.75),7HWRMMWYW975PKSQCQ0GKEM1BR,1.99,60%,Female,64+,VA
8/25/18,13:40:07,Handmade - Stationery,1,pansies,1322,$5.00 ,($0.75),3VMEMJZKC92PYYD781DTN2FJ9W,1.99,60%,Female,56-64,TN
8/24/18,14:54:36,Handmade - Artwork,1,Regular,793,$5.00 ,$0.00 ,V5TDFJZYBD2P0Q3KSZDNHDT7BW,1.99,60%,Female,64+,SC
8/23/18,12:12:10,Handmade - Stationery,1,,855,$5.00 ,($0.75),CCV503EM3D4AAPF0HEYNKP20Y0,1.99,60%,Male,64+,TN
8/22/18,13:58:43,Handmade - Stationery,1,,855,$5.00 ,$0.00 ,AK3D2GXGND6HRWVCVC3J9REYGG,1.99,60%,Male,56-64,NC
8/22/18,13:58:43,Handmade - Stationery,1,Regular,1502,$5.00 ,$0.00 ,JQN8N9D37D134JK4X4QD13THMC,1.99,60%,Male,56-64,SC
8/21/18,15:41:27,Handmade - Stationery,1,,855,$5.00 ,$0.00 ,ARGDDWHMWX750VR8KNY4F6M82C,1.99,60%,Male,64+,SC
8/18/18,15:25:37,Handmade - Artwork,1,Regular,793,$5.00 ,($0.50),MN22SVY6ZS62WKMFTFZZXT9P1R,1.99,60%,Female,64+,NC
8/18/18,12:36:48,Handmade - Stationery,1,,855,$5.00 ,($0.75),5HA87V6R3N4BJSHDVV1DNCK5J8,1.99,60%,Male,64+,SC
8/18/18,12:36:48,Handmade - Stationery,1,Regular,1502,$5.00 ,($0.75),PC6A64W21X3XCH96S1VPHW4MDC,1.99,60%,Female,56-64,NC
8/17/18,17:12:17,Handmade - Stationery,1,,855,$5.00 ,$0.00 ,VK2CQ3EQWS5KJP1P9W4YCJMA5W,1.99,60%,Male,56-64,NC
8/11/18,15:05:14,Handmade - Stationery,1,,855,$5.00 ,$0.00 ,C74FEY6E4H53YJ5HNGY4MTE17R,1.99,60%,Male,64+,NC
8/11/18,13:02:55,Handmade - Stationery,1,,855,$5.00 ,$0.00 ,4MMFMQY2R92V4NQM7GBWM978Q4,1.99,60%,Female,64+,NC
8/10/18,15:37:12,Handmade - Stationery,1,,855,$5.00 ,$0.00 ,7FBPHAQF9D73EJGQR05J7DK04C,1.99,60%,Female,64+,NC
8/10/18,14:22:40,Handmade - Stationery,1,,855,$5.00 ,$0.00 ,F7CXBFYY41666W02C6K0PY10F8,1.99,60%,Female,26-35,GA
8/9/18,14:18:54,Handmade - Stationery,1,,855,$5.00 ,$0.00 ,MJJBGNRMDD7J75BWBPPS1S1PXM,1.99,60%,Female,26-35,NC
8/8/18,13:39:38,Handmade - Stationery,1,Regular,1502,$5.00 ,$0.00 ,6REFVR7EDX5GTVSMP6CBMSSDP8,1.99,60%,Female,26-35,SC
8/4/18,13:08:58,Handmade - Stationery,1,tulip field,490,$5.00 ,$0.00 ,,1.99,60%,#N/A,#N/A,#N/A
8/3/18,19:51:20,Handmade - Stationery,1,many kind thanks,1324,$5.00 ,($0.50),QKRJ6X5MG93MRX6TT22M7JPESM,1.99,60%,Female,36-45,SC
8/2/18,12:25:19,Handmade - Stationery,1,,855,$5.00 ,$0.00 ,776X8YA6793ZJY98QYY7KPPFC0,1.99,60%,Female,26-35,VA
7/28/18,15:13:33,Handmade - Stationery,1,,855,$5.00 ,$0.00 ,YADBEMFQ9N0PPMGGW6S7HT5F6C,1.99,60%,Male,56-64,TN
7/27/18,14:08:48,Handmade - Stationery,1,,855,$5.00 ,$0.00 ,,1.99,60%,#N/A,#N/A,#N/A
7/27/18,13:43:23,Handmade - Stationery,1,,855,$5.00 ,$0.00 ,MJJBGNRMDD7J75BWBPPS1S1PXM,1.99,60%,Female,26-35,NC
7/27/18,13:21:52,Handmade - Stationery,1,,855,$5.00 ,$0.00 ,,1.99,60%,#N/A,#N/A,#N/A
7/25/18,17:17:09,Handmade - Stationery,1,bluebell,1330,$5.00 ,$0.00 ,FKR5S7QK6H6PPHJN3KGN1CENVC,1.99,60%,Female,18-25,TN
7/25/18,17:17:09,Handmade - Stationery,1,tulip field,490,$5.00 ,$0.00 ,FKR5S7QK6H6PPHJN3KGN1CENVC,1.99,60%,Female,18-25,TN
7/24/18,13:33:01,Handmade - Artwork,1,,41,$5.00 ,$0.00 ,,1.99,60%,#N/A,#N/A,#N/A
7/21/18,14:57:42,Handmade - Stationery,1,,855,$5.00 ,$0.00 ,07W7TH9K2S22MZ7CDB9SF48WY0,1.99,60%,Female,18-25,NC
7/21/18,13:38:16,Handmade - Stationery,1,,855,$5.00 ,($0.75),XTTFP3G68157PH5R8M4KF7H094,1.99,60%,Female,18-25,NC
7/20/18,13:10:34,Handmade - Stationery,1,tulip field,490,$5.00 ,$0.00 ,GRXDDHFK953G2V8K6A6B3MCQNM,1.99,60%,Male,36-45,GA
7/18/18,21:20:39,Handmade - Artwork,1,,41,$5.00 ,($0.50),KQ1E6AGPZ1400KJ5CFD42XWFTC,1.99,60%,Female,26-35,NC
7/17/18,12:58:13,Handmade - Artwork,1,Regular,793,$5.00 ,$0.00 ,C4MJ0744Z10Y4XDY6FQERPMW7R,1.99,60%,Male,26-35,NC
7/14/18,12:59:48,Handmade - Artwork,1,Regular,793,$5.00 ,$0.00 ,FF8AV9TTNH77RZ16HP1W3QF8VC,1.99,60%,Female,36-45,NC
7/13/18,17:30:37,Handmade - Artwork,1,Regular,793,$5.00 ,$0.00 ,GQTPKFHC516DASFGW1SDY0JHQ8,1.99,60%,Female,46-55,NC
7/13/18,15:04:37,Handmade - Stationery,1,,855,$5.00 ,$0.00 ,,1.99,60%,#N/A,#N/A,#N/A
7/13/18,15:02:33,Handmade - Stationery,1,,855,$5.00 ,$0.00 ,P8T4C34MRH6X6KXMD2AM6NWHMW,1.99,60%,Female,18-25,NC
7/13/18,12:07:10,Antiques,1,,366,$5.00 ,$0.00 ,G13094ECP16ERKFP9RJ1JY9WTM,1.99,60%,Male,26-35,NC
7/10/18,13:31:24,Custom Merchandise,5,Regular,1251,$5.00 ,$0.00 ,R7JETR8HWN7DJXRZH24M5DHC14,1.99,60%,Male,36-45,NC
7/7/18,13:08:10,Handmade - Artwork,1,Regular,793,$5.00 ,$0.00 ,CPRG89MGN10S0SRD01FAVCTNXC,1.99,60%,Male,46-55,NC
7/6/18,20:14:19,Handmade - Stationery,1,hello floral,1329,$5.00 ,($0.75),YXNRK3R85N5Q6Q4R83NP260940,1.99,60%,Female,56-64,NC
7/6/18,20:14:19,Handmade - Stationery,1,bluebell,1330,$5.00 ,($0.75),YXNRK3R85N5Q6Q4R83NP260940,1.99,60%,Female,56-64,NC
7/6/18,20:14:19,Handmade - Stationery,1,,855,$5.00 ,($0.75),YXNRK3R85N5Q6Q4R83NP260940,1.99,60%,Female,56-64,NC
7/6/18,20:06:19,Handmade - Stationery,1,,855,$5.00 ,($0.50),,1.99,60%,#N/A,#N/A,#N/A
7/5/18,14:53:02,Handmade - Stationery,1,,855,$5.00 ,$0.00 ,BY1H6XCBVN3KCGCJH7NQHGW7RC,1.99,60%,Female,36-45,SC
7/4/18,13:27:07,Handmade - Artwork,1,Regular,793,$5.00 ,($0.75),B21D4G6PFX40AJGFJHX7DFHCQW,1.99,60%,Female,46-55,FL
7/3/18,13:24:24,Handmade - Artwork,1,Regular,793,$5.00 ,$0.00 ,YRHAYTKYA57QEY4JCWNPFE9DVC,1.99,60%,Female,36-45,SC
6/30/18,15:53:32,Handmade - Stationery,1,,855,$5.00 ,$0.00 ,7HWRMMWYW975PKSQCQ0GKEM1BR,1.99,60%,Female,64+,VA
6/30/18,14:50:06,Handmade - Stationery,1,,855,$5.00 ,$0.00 ,,1.99,60%,#N/A,#N/A,#N/A
6/27/18,17:22:17,Handmade - Stationery,1,,490,$5.00 ,$0.00 ,YWDQA0P93N7P8N31SV4V0VHJ90,1.99,60%,Male,46-55,FL
6/27/18,12:42:32,Handmade - Stationery,1,,490,$5.00 ,$0.00 ,037WXM5NYX5YANYPZE9VBQRRE8,1.99,60%,Male,36-45,VA
6/27/18,12:42:32,Handmade - Stationery,1,,855,$5.00 ,$0.00 ,037WXM5NYX5YANYPZE9VBQRRE8,1.99,60%,Male,36-45,VA
6/23/18,13:51:30,Handmade - Stationery,1,,855,$5.00 ,$0.00 ,KQAXWVFXPN4RYZ9VM8ZRE5AJY4,1.99,60%,Female,18-25,NC
6/22/18,14:01:40,Handmade - Stationery,1,,855,$5.00 ,$0.00 ,XSYAFWYNHN3E8W467ZN1ZW2EY0,1.99,60%,Male,36-45,NC
6/21/18,15:07:52,Handmade - Stationery,1,,855,$5.00 ,$0.00 ,BKRKMAKE5S1KWJXAS573MFFX6G,1.99,60%,Female,26-35,GA
6/20/18,15:21:52,Handmade - Artwork,1,Regular,793,$5.00 ,$0.00 ,,1.99,60%,#N/A,#N/A,#N/A
6/16/18,18:28:27,Handmade - Stationery,1,,855,$5.00 ,($0.75),,1.99,60%,#N/A,#N/A,#N/A
6/16/18,16:32:42,Handmade - Artwork,1,Regular,793,$5.00 ,($0.75),2HJKD87WX95HYTF9ND48ACKD5G,1.99,60%,Male,26-35,NC
6/16/18,16:32:42,Handmade - Artwork,1,Regular,794,$5.00 ,($0.75),2HJKD87WX95HYTF9ND48ACKD5G,1.99,60%,Male,26-35,NC
6/16/18,15:56:18,Vintage Accessories,1,,179,$5.00 ,$0.00 ,QYYRPE824D54GS3DK0T26YXBEW,1.99,60%,Female,46-55,NC
6/16/18,15:52:48,Antiques,1,,366,$5.00 ,$0.00 ,6JNY2GJH2H400R3T0MWKFEKDJ4,1.99,60%,Male,18-25,NC
6/16/18,14:26:50,Handmade - Stationery,1,,855,$5.00 ,($0.75),0RY757X19S2RJR2EBWH70QHYWW,1.99,60%,Female,46-55,NC
6/15/18,17:11:14,Handmade - Stationery,1,,855,$5.00 ,($0.75),G8SWKY5MB11NYJD4PF7MNCN28W,1.99,60%,Male,56-64,NC
6/15/18,15:42:41,Handmade - Stationery,1,,855,$5.00 ,($0.75),8RNNHNWDFS5F2R63XFWJJEF2AG,1.99,60%,Male,18-25,SC
6/15/18,14:39:10,Handmade - Stationery,1,,490,$5.00 ,($0.75),MJJBGNRMDD7J75BWBPPS1S1PXM,1.99,60%,Female,26-35,NC
6/15/18,12:35:02,Handmade - Stationery,1,,855,$5.00 ,($0.75),YPY5DVJ3TS45TT5JW1MHKBCDP8,1.99,60%,Female,26-35,FL
6/14/18,13:09:00,Handmade - Artwork,1,Regular,793,$5.00 ,$0.00 ,T8GZ40ZY3S5D8TRJE9Q3QS52DW,1.99,60%,Male,18-25,NC
6/13/18,13:40:16,Handmade - Artwork,1,Regular,793,$5.00 ,$0.00 ,F835C51SH14DRGR3WG5QEKKMAW,1.99,60%,Male,36-45,SC
6/12/18,15:07:19,Handmade - Stationery,1,,490,$5.00 ,$0.00 ,0F9N53YEPX3DGZMZV4B7J8AG70,1.99,60%,Female,46-55,SC
6/12/18,14:47:09,Handmade - Stationery,1,,855,$5.00 ,$0.00 ,4RM5JTGRJD2CRJ8WBR1P7B4V7G,1.99,60%,Male,56-64,GA
6/9/18,17:32:38,Handmade - Artwork,1,Regular,793,$5.00 ,($0.75),WJ06Y207TH1EAMF9J6JVFXMFQ4,1.99,60%,Female,18-25,GA
6/9/18,16:52:33,Handmade - Stationery,1,,855,$5.00 ,($1.00),CSA1HVR3FH4TGWM6GG5KMQ73AR,1.99,60%,Female,26-35,NC
6/8/18,12:14:22,Handmade - Stationery,1,,855,$5.00 ,$0.00 ,PPCN0ACDB5498SDYA2EXTTJZ5M,1.99,60%,Male,36-45,VA
6/8/18,12:14:22,Handmade - Stationery,1,,855,$5.00 ,$0.00 ,PPCN0ACDB5498SDYA2EXTTJZ5M,1.99,60%,Male,36-45,VA
6/7/18,12:46:25,Handmade - Stationery,1,,855,$5.00 ,($0.75),PFHDK32VQH0AEJ69AWKEAJEPVW,1.99,60%,Female,36-45,GA
6/1/18,16:46:36,Handmade - Stationery,1,,855,$5.00 ,$0.00 ,4Z89H2P6654EMZ8FKP7T7N49BW,1.99,60%,Female,36-45,GA
5/30/18,16:32:46,Handmade - Artwork,1,,41,$5.00 ,$0.00 ,A4BCTVD4KD4WYR19NNQXKPG6EG,1.99,60%,Female,18-25,GA
5/30/18,14:31:00,Handmade - Stationery,1,,855,$5.00 ,$0.00 ,S651SDQXD16NTNJQ6GBKG9C83R,1.99,60%,Male,26-35,VA
5/30/18,12:38:26,Handmade - Stationery,1,,855,$5.00 ,$0.00 ,D4C0JQQ4NN296WY0EVSPSH9D8C,1.99,60%,Female,36-45,FL
5/30/18,12:38:26,Handmade - Stationery,1,,490,$5.00 ,$0.00 ,D4C0JQQ4NN296WY0EVSPSH9D8C,1.99,60%,Female,36-45,FL
5/29/18,13:20:04,Antiques,1,Regular,1245,$5.00 ,$0.00 ,,1.99,60%,#N/A,#N/A,#N/A
5/26/18,16:29:43,Handmade - Stationery,1,,855,$5.00 ,$0.00 ,Y63E244YE506CK3PETCSH2CDQ8,1.99,60%,Male,18-25,NC
5/26/18,12:27:53,Handmade - Stationery,1,,855,$5.00 ,$0.00 ,1SHNDWTVJH4AYXYPPD497G7BZ4,1.99,60%,Female,36-45,NC
5/25/18,14:05:50,Handmade - Artwork,1,Regular,794,$5.00 ,$0.00 ,,1.99,60%,#N/A,#N/A,#N/A
5/22/18,16:11:33,Handmade - Stationery,1,,855,$5.00 ,($0.75),2ERKYAWNFX5ZJP1Y6XVPAFE1B0,1.99,60%,Female,26-35,NC
5/19/18,17:38:49,Handmade - Stationery,1,,428,$5.00 ,$0.00 ,,1.99,60%,#N/A,#N/A,#N/A
5/19/18,17:38:49,Handmade - Stationery,1,,855,$5.00 ,$0.00 ,,1.99,60%,#N/A,#N/A,#N/A
5/19/18,15:08:43,Handmade - Stationery,1,,855,$5.00 ,$0.00 ,ZXKHAMM3YS4DYWCGJ108GCWY70,1.99,60%,Female,46-55,NC
5/19/18,13:51:50,Handmade - Stationery,1,,855,$5.00 ,$0.00 ,WPW7XG4X2X3K0SD1DJ2719YAC4,1.99,60%,Male,36-45,VA
5/19/18,13:10:13,Handmade - Artwork,1,Regular,796,$5.00 ,$0.00 ,0S6XDGECTS21AHC9K05NPEHCGC,1.99,60%,Female,46-55,SC
5/19/18,12:19:06,Handmade - Stationery,1,,855,$5.00 ,$0.00 ,BBJW6QQWGH43CS6EKKQ9KKJ2H0,1.99,60%,Female,18-25,NC
5/18/18,15:59:50,Handmade - Stationery,1,,855,$5.00 ,$0.00 ,FKR5S7QK6H6PPHJN3KGN1CENVC,1.99,60%,Female,18-25,TN
5/12/18,16:13:41,Handmade - Artwork,1,,41,$5.00 ,($0.50),R08HRJ8APH3X0TKNPQY6DCYWPR,1.99,60%,Female,46-55,NC
5/12/18,13:09:07,Handmade - Stationery,1,,855,$5.00 ,$0.00 ,3VMEMJZKC92PYYD781DTN2FJ9W,1.99,60%,Female,56-64,TN
5/11/18,15:18:12,Handmade - Stationery,1,,855,$5.00 ,$0.00 ,8ZJC42RGJ957TVW0W8BCM9VGKR,1.99,60%,Female,26-35,NC
5/10/18,15:26:23,Handmade - Stationery,1,,855,$5.00 ,$0.00 ,GZNENE4FK10SPS151MRY8RBRAC,1.99,60%,Male,36-45,NC
5/10/18,13:48:17,Handmade - Stationery,1,,490,$5.00 ,$0.00 ,C101V456392WGTT2TAK00S6TS4,1.99,60%,Male,26-35,GA
5/10/18,13:48:17,Handmade - Stationery,1,,855,$5.00 ,$0.00 ,C101V456392WGTT2TAK00S6TS4,1.99,60%,Male,26-35,GA
5/10/18,12:13:04,Handmade - Stationery,1,,490,$5.00 ,$0.00 ,KN2P1DH3MX49WSK16EFR7MTYTC,1.99,60%,Female,36-45,NC
5/10/18,12:13:04,Handmade - Stationery,1,,428,$5.00 ,$0.00 ,KN2P1DH3MX49WSK16EFR7MTYTC,1.99,60%,Female,36-45,NC
5/9/18,13:22:39,Handmade - Stationery,1,,490,$5.00 ,$0.00 ,WR8EP0XRPH2SRNSNPYHFD4TRV4,1.99,60%,Female,36-45,VA
5/8/18,16:55:29,Handmade - Stationery,1,,490,$5.00 ,$0.00 ,6REFVR7EDX5GTVSMP6CBMSSDP8,1.99,60%,Female,26-35,SC
5/8/18,13:09:53,Handmade - Artwork,1,,41,$5.00 ,($0.75),GGRBWQVEF1176MWGBHCRNAJ6C0,1.99,60%,Male,56-64,NC
5/5/18,14:37:50,Handmade - Stationery,1,,490,$5.00 ,($0.50),8V3P7E2VWX39EPCY9CYMFTKM84,1.99,60%,Female,18-25,NC
5/4/18,19:10:44,Handmade - Stationery,1,,490,$5.00 ,($0.50),HQ07GCZF3N678RA4JWS7FFFPR0,1.99,60%,Female,26-35,SC
5/2/18,16:53:04,Handmade - Stationery,1,,490,$5.00 ,$0.00 ,856AWM523H05JSKH732BJ9FBDR,1.99,60%,Male,18-25,VA
5/2/18,14:44:00,Handmade - Stationery,1,,855,$5.00 ,$0.00 ,8990GRW9H50NJPTR8NFHBVQ8T4,1.99,60%,Female,36-45,NC
4/28/18,16:33:51,Antiques,1,,366,$5.00 ,$0.00 ,,1.99,60%,#N/A,#N/A,#N/A
4/28/18,13:01:43,Handmade - Stationery,1,,490,$5.00 ,$0.00 ,BEFXWD3WH5314SG45656PP2KSC,1.99,60%,Female,26-35,NC
4/26/18,16:46:59,Handmade - Stationery,1,,855,$5.00 ,$0.00 ,ZMWQWWGCJH2NEPC9K93TW4Z3SM,1.99,60%,Female,36-45,GA
4/24/18,12:39:12,Handmade - Stationery,1,,428,$5.00 ,$0.00 ,C3V7264CQ94DMTY7XTYPX9BAZ0,1.99,60%,Female,18-25,NC
4/24/18,12:39:12,Handmade - Stationery,1,,855,$5.00 ,$0.00 ,C3V7264CQ94DMTY7XTYPX9BAZ0,1.99,60%,Female,18-25,NC
4/21/18,12:06:36,Handmade - Stationery,1,,855,$5.00 ,$0.00 ,,1.99,60%,#N/A,#N/A,#N/A
4/19/18,17:23:47,Handmade - Artwork,1,Regular,794,$5.00 ,$0.00 ,,1.99,60%,#N/A,#N/A,#N/A
4/18/18,13:14:43,Handmade - Artwork,1,Regular,793,$5.00 ,$0.00 ,,1.99,60%,#N/A,#N/A,#N/A
4/17/18,16:07:51,Handmade - Stationery,1,,855,$5.00 ,$0.00 ,YY73DZQREN6VAN173Y1V9T344C,1.99,60%,Female,26-35,NC
4/17/18,15:12:37,Handmade - Stationery,1,,855,$5.00 ,$0.00 ,XQYMX2QV2D0YQFN31WV114V06C,1.99,60%,Male,46-55,NC
4/14/18,16:36:16,Handmade - Artwork,1,Regular,794,$5.00 ,($0.50),,1.99,60%,#N/A,#N/A,#N/A
4/14/18,16:31:32,Antiques,1,,646,$5.00 ,($0.50),NBAS9WHF910BTSBY0KCHKRZAM8,1.99,60%,Male,18-25,SC
4/13/18,14:31:44,Handmade - Stationery,1,,490,$5.00 ,$0.00 ,V5TDFJZYBD2P0Q3KSZDNHDT7BW,1.99,60%,Female,64+,SC
4/13/18,14:28:45,Handmade - Stationery,1,,855,$5.00 ,$0.00 ,08R30JMPKH7ZB0EPSY8A71PKW8,1.99,60%,Female,18-25,GA
4/13/18,14:27:02,Handmade - Artwork,1,Regular,794,$5.00 ,$0.00 ,ABAN2AJHHX5B4NJPNS1XCJZWZ4,1.99,60%,Male,26-35,VA
4/12/18,20:16:27,Handmade - Stationery,1,,490,$5.00 ,($0.50),WPPTVNFAZN1H4WFHQX6399C1M4,1.99,60%,Male,46-55,SC
4/12/18,20:16:27,Handmade - Artwork,1,Regular,796,$5.00 ,($0.50),WPPTVNFAZN1H4WFHQX6399C1M4,1.99,60%,Male,46-55,SC
4/7/18,17:05:26,Handmade - Artwork,1,Regular,796,$5.00 ,($0.75),PXEZMQ0X3H10CRZNN3SNGY1FYC,1.99,60%,Female,26-35,VA
4/7/18,15:00:33,Handmade - Stationery,1,,855,$5.00 ,$0.00 ,4CVDRBPWZD2K8QMY6CWJSVCG30,1.99,60%,Female,18-25,GA
4/7/18,13:11:42,Handmade - Stationery,1,,855,$5.00 ,$0.00 ,KDSG3S1JDX7S4WQDCGF4FKKMV4,1.99,60%,Male,56-64,NC
4/6/18,19:20:45,Handmade - Stationery,1,,855,$5.00 ,($0.50),68HPV22A894N0T5DSE4W99TTPC,1.99,60%,Female,18-25,TN
4/6/18,19:18:42,Handmade - Stationery,1,,855,$5.00 ,($0.50),837S1TPTZN1QJMFSQT22D3X6D0,1.99,60%,Female,18-25,SC
4/6/18,19:18:42,Vintage Accessories,1,Regular,808,$5.00 ,($0.50),837S1TPTZN1QJMFSQT22D3X6D0,1.99,60%,Female,18-25,SC
4/6/18,16:56:07,Handmade - Artwork,1,Regular,794,$5.00 ,$0.00 ,,1.99,60%,#N/A,#N/A,#N/A
4/5/18,15:09:34,Handmade - Stationery,1,,490,$5.00 ,$0.00 ,F5GT3JYWN521GY625QFN8HFPP8,1.99,60%,Female,64+,GA
4/3/18,17:07:42,Handmade - Stationery,1,,855,$5.00 ,$0.00 ,NTW85F1T9H3ZMNH725R6HGXN00,1.99,60%,Female,18-25,GA
4/3/18,17:07:42,Handmade - Artwork,1,Regular,793,$5.00 ,$0.00 ,NTW85F1T9H3ZMNH725R6HGXN00,1.99,60%,Female,18-25,GA
4/3/18,13:04:17,Handmade - Stationery,1,,490,$5.00 ,$0.00 ,ZGV3RWANQS42ANYC53XGM9DPNR,1.99,60%,Male,36-45,FL
3/30/18,14:51:40,Handmade - Stationery,1,,490,$5.00 ,$0.00 ,81D8ASW1517JAX96RT9RG739QG,1.99,60%,Male,18-25,NC
3/30/18,14:51:40,Handmade - Stationery,1,,429,$5.00 ,$0.00 ,81D8ASW1517JAX96RT9RG739QG,1.99,60%,Male,18-25,NC
3/29/18,14:44:57,Handmade - Artwork,1,Regular,793,$5.00 ,$0.00 ,,1.99,60%,#N/A,#N/A,#N/A
3/28/18,13:27:27,Handmade - Stationery,1,,855,$5.00 ,$0.00 ,PCG8DVFAJN0F0NW8E8GH0ZW1B0,1.99,60%,Male,26-35,NC
3/23/18,18:43:07,Antiques,1,,646,$5.00 ,$0.00 ,,1.99,60%,#N/A,#N/A,#N/A
3/23/18,12:08:21,Handmade - Stationery,1,,855,$5.00 ,$0.00 ,BH1TWTYY4X1MYVA80SKD9Q91PW,1.99,60%,Female,46-55,SC
3/20/18,15:35:54,Handmade - Artwork,1,Regular,794,$5.00 ,$0.00 ,,1.99,60%,#N/A,#N/A,#N/A
3/20/18,14:25:47,Handmade - Stationery,1,,490,$5.00 ,($0.75),,1.99,60%,#N/A,#N/A,#N/A
3/17/18,18:15:24,Handmade - Stationery,1,,855,$5.00 ,$0.00 ,,1.99,60%,#N/A,#N/A,#N/A
3/13/18,15:42:36,Handmade - Stationery,1,,855,$5.00 ,$0.00 ,FHBMCHNDS514EGAPWV3KBED2B8,1.99,60%,Female,26-35,SC
3/9/18,13:17:15,Handmade - Artwork,1,,41,$5.00 ,$0.00 ,CCV503EM3D4AAPF0HEYNKP20Y0,1.99,60%,Male,64+,TN
3/9/18,13:01:44,Handmade - Stationery,1,,855,$5.00 ,$0.00 ,,1.99,60%,#N/A,#N/A,#N/A
3/3/18,16:50:00,Handmade - Stationery,1,,428,$5.00 ,$0.00 ,,1.99,60%,#N/A,#N/A,#N/A
3/3/18,14:21:10,Handmade - Stationery,1,,428,$5.00 ,$0.00 ,S0Q2DVVJW55BCZEN1Q8MA4APVC,1.99,60%,Male,18-25,NC
3/2/18,19:24:43,Vintage Accessories,1,,744,$5.00 ,($0.50),M90BSKQPTD7MRJHDHD7DD8T6CG,1.99,60%,Female,26-35,NC
3/2/18,19:05:26,Handmade - Stationery,1,,855,$5.00 ,($0.50),AAAPTRXCWD2FYVE6Y2K7WJRKDR,1.99,60%,Female,36-45,NC
3/2/18,16:04:50,Handmade - Stationery,1,,490,$5.00 ,$0.00 ,CY4R1654M966EJCJN5X1B6K10G,1.99,60%,Female,46-55,NC
3/1/18,12:38:14,Handmade - Stationery,1,,855,$5.00 ,$0.00 ,N55H0JCHJN428N7Z8T98XP32KR,1.99,60%,Female,56-64,NC
2/28/18,16:11:04,Handmade - Stationery,1,,855,$5.00 ,$0.00 ,Y38TDM5A1H0W4VX0N3X5AW9VJG,1.99,60%,Male,64+,NC
2/27/18,12:58:48,Handmade - Stationery,1,,855,$5.00 ,$0.00 ,E78N7D4NQ96Y6HVQ18M0R406D4,1.99,60%,Male,18-25,NC
2/24/18,16:03:32,Handmade - Stationary,1,,855,$5.00 ,$0.00 ,QG9TTGPK59458YTHYD5A121G6C,1.99,60%,Female,26-35,NC
2/24/18,15:22:02,Handmade - Stationary,1,,490,$5.00 ,$0.00 ,GQFWFVAEM95D0N1BB6Z8FVXNH8,1.99,60%,Female,18-25,NC
2/24/18,15:22:02,Handmade - Stationary,1,,855,$5.00 ,$0.00 ,6REFVR7EDX5GTVSMP6CBMSSDP8,1.99,60%,Female,26-35,SC
2/24/18,15:22:02,Handmade - Stationary,1,,490,$5.00 ,$0.00 ,VABF294Y0H0CV6CR6DEC499KDC,1.99,60%,Female,36-45,SC
2/24/18,15:22:02,Handmade - Stationary,1,,855,$5.00 ,$0.00 ,KXM5N2W6RS0P6Y8N8V8QMP0FYG,1.99,60%,Male,18-25,SC
2/23/18,16:32:38,Handmade - Stationary,1,,855,$5.00 ,($0.75),6E38BNBX8S3RH2R8TNZEQCRDT4,1.99,60%,Male,26-35,TN
2/23/18,16:32:38,Handmade - Stationary,1,,428,$5.00 ,($0.75),JM9K6PY1TD0TMQ9BK16RZ19HZ0,1.99,60%,Female,36-45,VA
2/22/18,15:46:34,Handmade - Stationary,1,,855,$5.00 ,$0.00 ,YMTX6FZ6N15TCYG3N6479WJJV8,1.99,60%,Female,46-55,VA
2/21/18,13:25:04,Handmade - Artwork,1,Regular,794,$5.00 ,$0.00 ,DBVSKP9QJ54ZCTG2E5SN49C99M,1.99,60%,Female,18-25,VA
2/20/18,14:15:36,Handmade - Artwork,1,Regular,794,$5.00 ,$0.00 ,0B4T8D28X537KDYXW4402XVQ5G,1.99,60%,Female,26-35,GA
2/20/18,14:15:36,Handmade - Stationary,1,,490,$5.00 ,$0.00 ,WGKMWF4C716TTWPT2N6P7HWPYG,1.99,60%,Male,36-45,GA
2/20/18,14:15:36,Handmade - Artwork,1,Regular,796,$5.00 ,$0.00 ,A2W0MMP30N1BJW71APV4M6KB2R,1.99,60%,Male,46-55,GA
2/15/18,12:06:12,Handmade - Stationary,1,,855,$5.00 ,$0.00 ,1M6XB51RX53SPM6RC63XEG1CGG,1.99,60%,Male,56-64,GA
2/14/18,17:00:30,Handmade - Stationary,1,,855,$5.00 ,$0.00 ,9D6DARVHJX61GVMM0AF13XBGJW,1.99,60%,Female,18-25,FL
2/14/18,16:34:11,Handmade - Stationary,1,,855,$5.00 ,$0.00 ,FZ3D14G0GD1RJXFYAWFZD1GMC4,1.99,60%,Female,26-35,FL
2/14/18,13:48:33,Handmade - Stationary,1,,855,$5.00 ,$0.00 ,63B6R92GZS5EMQ8SKJM1GDV84G,1.99,60%,Female,36-45,NC
2/14/18,12:01:14,Handmade - Stationary,1,,855,$5.00 ,$0.00 ,YNMZ7Q9SCH5R4NV2SY8TNKDTA8,1.99,60%,Female,46-55,NC
2/13/18,18:36:58,Handmade - Stationary,1,,855,$5.00 ,($0.75),JJY0KHGKJS0KRKGA1B72KVKJG0,1.99,60%,Male,56-64,NC
2/13/18,17:56:47,Handmade - Stationary,1,,855,$5.00 ,($0.75),7B94RT0BS5446R609EF4VK5WMM,1.99,60%,Male,64+,NC
2/10/18,16:57:28,Handmade - Stationary,1,,855,$5.00 ,$0.00 ,P84AX8D18X5CGG2630AQXN0HK0,1.99,60%,Female,18-25,NC
2/10/18,15:48:42,Handmade - Stationary,1,,855,$5.00 ,$0.00 ,CH1FAZ6YQ95XRK4P96CG2437PM,1.99,60%,Female,26-35,NC
2/9/18,17:42:28,Handmade - Stationary,1,,855,$5.00 ,$0.00 ,8TS04YWCD1180M0NGAVWVADGX8,1.99,60%,Female,18-25,SC
2/9/18,15:41:44,Handmade - Stationary,1,,855,$5.00 ,$0.00 ,C7HKRAF5GD7GX97E34HFEPJ9QR,1.99,60%,Female,26-35,SC
2/9/18,13:41:31,Handmade - Stationary,1,,855,$5.00 ,$0.00 ,8TC6H6D9MD07TQ5FSYT8RY2YDC,1.99,60%,Male,36-45,SC
2/9/18,12:43:50,Handmade - Stationary,1,,855,$5.00 ,$0.00 ,1VTCZFJMTS2HYXT65G6PJBMJNW,1.99,60%,Male,18-25,TN
2/8/18,13:26:55,Handmade - Stationary,1,,855,$5.00 ,$0.00 ,WTDMAZ8TAS6KWHVNN3572BGYHG,1.99,60%,Female,26-35,VA
2/8/18,12:35:12,Handmade - Stationary,1,,855,$5.00 ,($0.75),ANGDGM93413X8NDZS1WMTAM7QC,1.99,60%,Female,36-45,VA
2/8/18,12:26:11,Handmade - Stationary,1,,855,$5.00 ,$0.00 ,8Q2A5N980S2CV0VBNDXZ58HN6M,1.99,60%,Female,46-55,GA
2/6/18,14:52:54,Handmade - Artwork,1,Regular,793,$5.00 ,$0.00 ,DNB0XVYDNS73YZ5FBQ3MDGCHMC,1.99,60%,Female,18-25,GA
2/3/18,18:03:10,Handmade - Stationary,1,,855,$5.00 ,$0.00 ,FV8CSGV17D4638XE4S8Q44F59G,1.99,60%,Male,26-35,FL
2/3/18,15:22:49,Handmade - Artwork,1,Regular,793,$5.00 ,$0.00 ,ZGV3RWANQS42ANYC53XGM9DPNR,1.99,60%,Male,36-45,FL
2/2/18,21:08:07,Handmade - Stationary,1,,428,$5.00 ,($0.50),J0K5KJEZP90H2TF50JR6BQM4A8,1.99,60%,Male,46-55,NC
2/2/18,20:57:35,Handmade - Stationary,1,,855,$5.00 ,($0.50),C7KBMW3HDH0JJN5XGB4S3T0C9R,1.99,60%,Female,56-64,NC
2/2/18,19:26:43,Handmade - Stationary,1,,855,$5.00 ,($0.50),YPEPJPB5NX1F5C4YBQ3KT03G24,1.99,60%,Female,18-25,NC
2/2/18,19:24:22,Handmade - Artwork,1,Regular,793,$5.00 ,($0.50),XPX4RJS9N17YWWWHHAH0C4X4PC,1.99,60%,Female,26-35,NC
2/2/18,13:50:27,Handmade - Artwork,1,Regular,793,$5.00 ,($0.75),1SHNDWTVJH4AYXYPPD497G7BZ4,1.99,60%,Female,36-45,NC
2/1/18,13:41:15,Handmade - Stationary,1,,855,$5.00 ,$0.00 ,GGRBWQVEF1176MWGBHCRNAJ6C0,1.99,60%,Male,56-64,NC
1/31/18,14:46:51,Handmade - Artwork,1,Regular,793,$5.00 ,($0.75),SPKCNG3ZSN3H4GKAME7SYHQYZ4,1.99,60%,Female,64+,NC
1/31/18,12:21:05,Handmade - Artwork,1,Regular,796,$5.00 ,$0.00 ,C3V7264CQ94DMTY7XTYPX9BAZ0,1.99,60%,Female,18-25,NC
1/27/18,18:17:34,Handmade - Artwork,1,Regular,794,$5.00 ,$0.00 ,0DTZWFET9S1CCQJTXK2DWCHK78,1.99,60%,Female,26-35,NC
1/27/18,17:37:57,Handmade - Stationary,1,,855,$5.00 ,($0.75),YEXGAEBH496DYHB5W8YKX05K0M,1.99,60%,Female,18-25,NC
1/24/18,14:47:12,Handmade - Artwork,1,Regular,793,$5.00 ,$0.00 ,SDYF84QZZN044KAR7BDDRXY8QG,1.99,60%,Male,26-35,NC
1/24/18,14:47:12,Handmade - Artwork,1,Regular,796,$5.00 ,$0.00 ,JFH7BG20RS6BTMV9HCK20ZWD1M,1.99,60%,Male,36-45,SC
1/23/18,12:58:29,Handmade - Artwork,1,Regular,794,$5.00 ,$0.00 ,1JQ6FFGTV13X0J9Y75C1QJBQ8G,1.99,60%,Female,18-25,SC
1/23/18,12:58:29,Handmade - Artwork,1,Regular,793,$5.00 ,$0.00 ,399VK7734S2AMKBD94Z2QHQEWM,1.99,60%,Female,36-45,TN
1/20/18,14:35:35,Handmade - Artwork,1,Regular,794,$5.00 ,$0.00 ,7ABN6941C54J8GNND0EMF5CNT8,1.99,60%,Female,46-55,VA
1/19/18,18:42:27,Handmade - Artwork,1,Regular,794,$5.00 ,$0.00 ,M1Z9V825FX7H6YV3V0RN437KWC,1.99,60%,Male,18-25,VA
1/19/18,18:42:27,Handmade - Artwork,1,Regular,796,$5.00 ,$0.00 ,29JBC7HM190V6P1B8R9R7G6G04,1.99,60%,Male,26-35,VA
1/19/18,16:00:34,Handmade - Artwork,1,Regular,793,$5.00 ,$0.00 ,VPVPYB79D5482P3Y7QC1PVEKYW,1.99,60%,Female,46-55,GA
1/6/18,14:04:05,Vintage Accessories,1,,734,$5.00 ,$0.00 ,WJ06Y207TH1EAMF9J6JVFXMFQ4,1.99,60%,Female,18-25,GA
12/29/17,16:21:53,Handmade - Artwork,1,,41,$5.00 ,$0.00 ,A8P7DRKTJD52TRF5KSMK98HFP4,1.99,60%,Female,26-35,FL
12/26/17,17:30:22,Handmade - Artwork,1,,41,$5.00 ,$0.00 ,8MB18JEH8X24PJTNBFV9TWFM0M,1.99,60%,Male,36-45,FL
12/26/17,16:24:47,Handmade - Artwork,1,,41,$5.00 ,$0.00 ,XQYMX2QV2D0YQFN31WV114V06C,1.99,60%,Male,46-55,NC
12/26/17,15:46:57,Handmade - Artwork,1,,428,$5.00 ,$0.00 ,5YABFJS0XX4WRGNSBA2MR4X210,1.99,60%,Female,56-64,NC
12/23/17,16:57:22,Handmade - Artwork,1,,41,$5.00 ,($0.75),JBF7A60QDD59RHYW078FDE036W,1.99,60%,Female,18-25,NC
12/21/17,15:33:55,Vintage Accessories,1,Regular,108,$5.00 ,($0.75),X4BFAJ0Y1H57AH9KXYRZZZHB2C,1.99,60%,Female,26-35,NC
12/12/17,17:32:12,Holiday,1,Regular,640,$5.00 ,$0.00 ,QFFX587V8929GTSJQS0Z97XRZ8,1.99,60%,Male,18-25,NC
12/1/17,20:26:14,Handmade - Artwork,1,,41,$5.00 ,($0.50),KS9B7FG9Z53HCGAFBFMPA0TFPM,1.99,60%,Male,26-35,SC
11/25/17,12:23:35,Antiques,2,Regular,12,$5.00 ,($1.00),6QNSQ6BW957APTBFD8FYXZYS68,1.99,60%,Female,18-25,SC
11/24/17,19:08:16,Handmade - Artwork,1,,41,$5.00 ,($1.00),N3F8VKAJFH3QWPYK5BN9VQYEGM,1.99,60%,Female,26-35,TN
11/24/17,18:55:17,Vintage Accessories,1,,58,$5.00 ,($1.00),JA9A2ZA5FX0XJWZBKNYAWMWCSM,1.99,60%,Male,46-55,VA
11/24/17,15:05:43,Handmade - Artwork,1,,41,$5.00 ,($1.00),RBYSDGSCYH37ARB2XG4B5V51RC,1.99,60%,Male,18-25,GA
11/24/17,12:56:28,Handmade - Artwork,1,,41,$5.00 ,($1.00),HHEHSTTGWX6R2QZXY8MNFW87M0,1.99,60%,Male,26-35,GA
11/22/17,15:15:38,Handmade - Artwork,1,Regular,640,$5.00 ,$0.00 ,FB44D0FBX51ZEYXJAHB8ZPEBPC,1.99,60%,Female,18-25,NC
11/17/17,18:36:24,Handmade - Artwork,1,,428,$5.00 ,$0.00 ,2W0YMM8PS947AHMJWFHF38ZZMC,1.99,60%,Male,26-35,NC
11/17/17,13:23:48,Handmade - Artwork,1,,428,$5.00 ,$0.00 ,9XGK3AW8S56DCXNZC063GWNQ9R,1.99,60%,Male,36-45,NC
11/11/17,12:58:05,Handmade - Artwork,1,,428,$5.00 ,$0.00 ,GZ3WBGEY5X3KSA178HNG6J7MC0,1.99,60%,Female,46-55,NC
11/10/17,15:56:32,Handmade - Artwork,1,,428,$5.00 ,$0.00 ,7HT5TTF8XH3EYM8Q44Y2KHQVS4,1.99,60%,Female,56-64,NC
11/10/17,13:04:45,Vintage Clothing,1,,311,$5.00 ,$0.00 ,BW83DBYDND4J2PNKFA7ZXSZ58M,1.99,60%,Male,26-35,NC
11/8/17,13:45:58,Handmade - Artwork,1,,428,$5.00 ,$0.00 ,AXSJ6J9G7121GYB144ZR6FGN3R,1.99,60%,Male,18-25,NC
10/31/17,15:15:27,Antiques,1,,366,$5.00 ,$0.00 ,YJPHHMYQCH58JJ7V76S87TAY5M,1.99,60%,Female,36-45,NC
10/28/17,18:58:13,Handmade - Artwork,1,,41,$5.00 ,$0.00 ,4HYMXBC6X502EZP0CT50NCM5TG,1.99,60%,Female,18-25,SC
10/28/17,12:42:53,Handmade - Artwork,1,,41,$5.00 ,$0.00 ,554DXKX0QH6STGY80TYMNRF280,1.99,60%,Male,36-45,SC
10/27/17,16:26:01,Handmade - Artwork,1,,428,$5.00 ,$0.00 ,X1BYHPZ9HD0S2NMG0Z6S17EKK4,1.99,60%,Male,46-55,TN
10/21/17,14:06:58,Handmade - Artwork,1,,41,$5.00 ,$0.00 ,856AWM523H05JSKH732BJ9FBDR,1.99,60%,Male,18-25,VA
10/20/17,17:45:40,Vintage Accessories,1,Regular,469,$5.00 ,$0.00 ,", QHE4DA31P96MYQTW46FMK4HD2R",1.99,60%,Female,26-35,VA
10/13/17,20:18:55,Vintage Accessories,1,,90,$5.00 ,$0.00 ,WR8EP0XRPH2SRNSNPYHFD4TRV4,1.99,60%,Female,36-45,VA
10/13/17,19:26:14,Handmade - Artwork,1,,41,$5.00 ,$0.00 ,1N5Z2GNMX90R6PAXA9250PB8CC,1.99,60%,Female,46-55,GA
10/13/17,15:40:48,Handmade - Artwork,1,,41,$5.00 ,$0.00 ,3KJ6H3YNZX7BJZ1DWFW634HBRR,1.99,60%,Female,56-64,GA
10/12/17,19:44:05,Antiques,1,,366,$5.00 ,$0.00 ,15963CGQGN5DXFF0N6NA80X25M,1.99,60%,Male,18-25,GA
10/12/17,19:44:05,Antiques,1,,376,$5.00 ,$0.00 ,X7VVNSZY792C0SEC1YVCDGZKX0,1.99,60%,Male,26-35,GA
10/12/18,19:12:29,Handmade - Stationery,1,,379,$4.50 ,$0.00 ,GGBPXTE87N420GMX87PM05ZQGG,1.99,56%,Female,46-55,FL
10/12/18,19:12:29,Handmade - Stationery,1,,377,$4.50 ,$0.00 ,8540H480P1308HZAGC050M12M8,1.99,56%,Female,56-64,NC
10/11/18,12:38:59,Handmade - Stationery,1,,377,$4.50 ,$0.00 ,9Q48REY9X1770TYPFSJQVQQ29M,1.99,56%,Female,64+,NC
10/6/18,14:43:21,Handmade - Stationery,1,,377,$4.50 ,$0.00 ,V9G5RTZ94112AX0D7CA7QEN29G,1.99,56%,Male,18-25,NC
9/29/18,18:52:03,Handmade - Stationery,1,Regular,1191,$4.50 ,$0.00 ,EFWJTE620X029FE8PKN0MYNJCW,1.99,56%,Male,26-35,NC
9/29/18,17:11:41,Handmade - Stationery,1,Regular,1191,$4.50 ,($0.67),36C8M4HN1S1RZ8R902X9SE6EHC,1.99,56%,Female,18-25,NC
9/29/18,13:34:44,Handmade - Stationery,1,,379,$4.50 ,$0.00 ,JNM0ZJBB9H5XAR3V7SNWDHTNVW,1.99,56%,Female,26-35,NC
9/27/18,16:18:02,Handmade - Stationery,1,Regular,1191,$4.50 ,$0.00 ,BMNHSD5XTH5YGJPMKBFK3J3QYM,1.99,56%,Female,36-45,SC
9/27/18,16:18:02,Handmade - Stationery,1,Regular,1191,$4.50 ,$0.00 ,YJVP81R0W91REY3298YHC0BB0W,1.99,56%,Female,18-25,SC
9/25/18,16:26:13,Handmade - Stationery,1,,377,$4.50 ,$0.00 ,Z4PC2G60EN0CJQ4ZPFNZDM886C,1.99,56%,Male,36-45,TN
9/22/18,18:34:49,Handmade - Stationery,1,,377,$4.50 ,$0.00 ,6A4TM5Y3XH4YWVYNZSM0YPTMB4,1.99,56%,Male,46-55,VA
9/22/18,15:46:08,Handmade - Stationery,1,,377,$4.50 ,$0.00 ,Y905F74XC95GCQNY86GVADC2C8,1.99,56%,Female,18-25,VA
9/22/18,14:55:58,Handmade - Stationery,1,,379,$4.50 ,($0.68),8YDHBZT8K54SWJ78CXN35GWWK0,1.99,56%,Female,36-45,GA
9/22/18,13:46:23,Antiques,1,Regular,1116,$4.50 ,$0.00 ,C3677YPA1X69MVQ39KTNQEXVQM,1.99,56%,Female,46-55,FL
9/22/18,12:32:33,Handmade - Stationery,1,,377,$4.50 ,$0.00 ,FSRSKMFC993WCQCNXZVM2YHS84,1.99,56%,Male,56-64,FL
9/22/18,12:30:26,Handmade - Stationery,1,,377,$4.50 ,$0.00 ,YGP567MWK5492KY2RXWA2DNH2G,1.99,56%,Male,18-25,NC
9/22/18,12:30:26,Handmade - Stationery,1,Regular,1191,$4.50 ,$0.00 ,CSA1HVR3FH4TGWM6GG5KMQ73AR,1.99,56%,Female,26-35,NC
9/21/18,18:47:59,Handmade - Stationery,1,Regular,1191,$4.50 ,$0.00 ,1CXBKXYY45408N1GG8HRW75HM8,1.99,56%,Female,36-45,NC
9/21/18,18:47:59,Handmade - Stationery,1,Regular,1191,$4.50 ,$0.00 ,CRJXATHG8579ERYN1YYQTAZ2HW,1.99,56%,Female,46-55,NC
9/21/18,18:47:59,Handmade - Stationery,1,,377,$4.50 ,$0.00 ,PHRT6JMQ197YES5YQP5RJQ0JBR,1.99,56%,Female,56-64,NC
9/18/18,15:26:29,Handmade - Stationery,1,,377,$4.50 ,($0.68),JXY2VW9VAD38TY8DE8A6HS3G3C,1.99,56%,Male,18-25,NC
9/18/18,15:26:29,Handmade - Stationery,1,Regular,1191,$4.50 ,($0.67),BEFXWD3WH5314SG45656PP2KSC,1.99,56%,Female,26-35,NC
9/18/18,14:07:20,Handmade - Stationery,1,,377,$4.50 ,($0.67),A1N2FCHVNH67CTENFKKMF571FM,1.99,56%,Female,18-25,NC
9/8/18,15:40:09,Handmade - Stationery,1,,379,$4.50 ,($0.90),MJJBGNRMDD7J75BWBPPS1S1PXM,1.99,56%,Female,26-35,NC
9/8/18,14:40:44,Handmade - Stationery,1,,379,$4.50 ,($0.45),PZ3GRR3889544ZPW3TDE2NKKSM,1.99,56%,Female,36-45,NC
9/5/18,16:33:43,Handmade - Stationery,1,Regular,1191,$4.50 ,$0.00 ,M2Q94Y1QJ9658YZS16QBQGNG1C,1.99,56%,Male,18-25,NC
8/30/18,16:43:29,Handmade - Stationery,1,Regular,1191,$4.50 ,$0.00 ,FYSD0JZCPD5E6TDPFQKF4HNW1W,1.99,56%,Male,26-35,SC
8/29/18,16:02:51,Handmade - Stationery,1,Regular,1191,$4.50 ,$0.00 ,0F9N53YEPX3DGZMZV4B7J8AG70,1.99,56%,Female,46-55,SC
8/25/18,13:40:07,Handmade - Stationery,1,,377,$4.50 ,($0.68),FKR5S7QK6H6PPHJN3KGN1CENVC,1.99,56%,Female,18-25,TN
8/25/18,13:40:07,Handmade - Stationery,1,Regular,1191,$4.50 ,($0.67),YG1A8TJ06X5QGXNDNN5M4ZJX44,1.99,56%,Female,26-35,VA
8/22/18,20:44:14,Handmade - Stationery,1,Regular,1191,$4.50 ,($0.45),A4F04F01G916TS9RN3CFC7F4A4,1.99,56%,Male,56-64,GA
8/18/18,18:28:52,Handmade - Stationery,1,,379,$4.50 ,$0.00 ,5TMM4D9NR1412V9Z32T87H10ER,1.99,56%,Female,26-35,GA
8/18/18,18:28:52,Handmade - Stationery,1,Regular,1191,$4.50 ,$0.00 ,PT6RVRW5R53XPGC4YRVWX0H6D0,1.99,56%,Female,36-45,GA
8/18/18,15:17:39,Handmade - Stationery,1,Regular,1191,$4.50 ,($0.45),V7K4AY5V9D1STQ7SRKWAS9TZPC,1.99,56%,Female,46-55,FL
8/18/18,14:42:59,Handmade - Stationery,1,,379,$4.50 ,($0.45),2CMRW4J0ZX376M2VAV8HTTEE18,1.99,56%,Male,56-64,FL
8/18/18,12:36:48,Handmade - Stationery,1,,377,$4.50 ,($0.67),XDJJAN2FFH2KJK0A6GBHW7NGB0,1.99,56%,Male,64+,NC
8/18/18,12:26:10,Handmade - Stationery,1,,377,$4.50 ,$0.00 ,07W7TH9K2S22MZ7CDB9SF48WY0,1.99,56%,Female,18-25,NC
8/17/18,18:36:32,Antiques,1,Regular,1116,$4.50 ,$0.00 ,BBJW6QQWGH43CS6EKKQ9KKJ2H0,1.99,56%,Female,18-25,NC
8/17/18,13:49:34,Handmade - Stationery,1,Regular,1191,$4.50 ,$0.00 ,JVJCYPYVYS49PJZ7P8HASKCP04,1.99,56%,Female,26-35,NC
8/11/18,13:27:32,Handmade - Stationery,1,Regular,1191,$4.50 ,$0.00 ,P8PGG0B0350MEK5GB05XFSDB30,1.99,56%,Male,36-45,NC
8/9/18,14:34:35,Handmade - Stationery,1,,379,$4.50 ,$0.00 ,NBAS9WHF910BTSBY0KCHKRZAM8,1.99,56%,Male,18-25,SC
8/9/18,14:34:35,Handmade - Stationery,1,Regular,1191,$4.50 ,$0.00 ,2MN93RFN81152QRBMY2RRG4M8G,1.99,56%,Male,26-35,SC
8/3/18,20:08:17,Handmade - Stationery,1,Regular,1191,$4.50 ,($0.45),K2SM7JT6E962WR8EEKP7PPSH2R,1.99,56%,Female,36-45,SC
8/1/18,12:44:07,Handmade - Stationery,1,Regular,1191,$4.50 ,$0.00 ,G3VY3BEECS56TRZ5JBKSJXS6V4,1.99,56%,Female,18-25,VA
8/1/18,12:44:07,Handmade - Stationery,1,,377,$4.50 ,$0.00 ,ZDKXVX8R9S65JP7P4NQ9GTRM6G,1.99,56%,Female,26-35,VA
7/28/18,12:33:14,Handmade - Stationery,1,,379,$4.50 ,$0.00 ,1RF395SMF11XAPV2BAJ75YAHJ0,1.99,56%,Male,36-45,GA
7/27/18,18:52:25,Handmade - Stationery,1,Regular,1191,$4.50 ,$0.00 ,9DHW1BGWDH4R4RPQXCVSGZSXE0,1.99,56%,Male,46-55,GA
7/27/18,15:36:45,Handmade - Stationery,1,,379,$4.50 ,$0.00 ,0RPEC48T9D676T2KSVF5MBPRXW,1.99,56%,Female,56-64,FL
7/27/18,15:36:45,Handmade - Stationery,1,,377,$4.50 ,$0.00 ,WZ5T6JCZ3D1XRHGGDF1CXNAKVC,1.99,56%,Female,26-35,NC
7/27/18,12:43:49,Handmade - Stationery,1,,377,$4.50 ,$0.00 ,C1VTV073HH12MMFW5QH6H8RXJM,1.99,56%,Female,36-45,NC
7/21/18,16:02:31,Handmade - Stationery,1,,377,$4.50 ,$0.00 ,APR2BBE7DH738NPK8B8DBESY0R,1.99,56%,Male,46-55,NC
7/21/18,14:47:55,Handmade - Stationery,1,,377,$4.50 ,$0.00 ,2ZCDXDZS0S7JYSZJV126BK1R18,1.99,56%,Male,56-64,NC
7/20/18,17:31:09,Handmade - Stationery,1,Regular,1191,$4.50 ,$0.00 ,2BEDGZJC7N4N4ZK3B9WEA91PF8,1.99,56%,Female,64+,NC
7/20/18,13:10:34,Handmade - Stationery,1,Regular,1191,$4.50 ,$0.00 ,7353YG0JDD4W8PSDX4J6RBDQQR,1.99,56%,Female,26-35,NC
7/19/18,14:35:29,Handmade - Stationery,1,,377,$4.50 ,$0.00 ,XTTFP3G68157PH5R8M4KF7H094,1.99,56%,Female,18-25,NC
7/12/18,16:02:18,Handmade - Stationery,1,Regular,1191,$4.50 ,$0.00 ,XNXEJBEQAS36WR8P8D7FKMWA8W,1.99,56%,Male,26-35,NC
7/12/18,16:02:18,Handmade - Stationery,1,,379,$4.50 ,$0.00 ,R55H5MN9WS108WCSHDQJ8935B8,1.99,56%,Male,18-25,NC
7/6/18,19:42:40,Handmade - Stationery,1,Regular,1191,$4.50 ,($0.67),V9X8TAVG0D78RRZEJQZTS9Q0F8,1.99,56%,Female,26-35,NC
7/6/18,15:20:56,Handmade - Stationery,1,Regular,1191,$4.50 ,$0.00 ,ZPWS0CCJ7X176KMA8J27DT29H4,1.99,56%,Female,36-45,SC
7/5/18,14:53:02,Handmade - Stationery,1,,377,$4.50 ,$0.00 ,Z8M388JJS56TRX2CXXSVE0YG6W,1.99,56%,Female,46-55,SC
7/3/18,14:06:49,Handmade - Stationery,1,,377,$4.50 ,$0.00 ,Z06H48QG28SSN6MBF76A1C8BK4,1.99,56%,Female,18-25,SC
7/3/18,13:52:46,Handmade - Stationery,1,,379,$4.50 ,($0.90),QFYDZMWK7560TMCE797BY91W90,1.99,56%,Male,26-35,TN
6/23/18,13:38:48,Handmade - Stationery,1,,377,$4.50 ,$0.00 ,037WXM5NYX5YANYPZE9VBQRRE8,1.99,56%,Male,36-45,VA
6/23/18,13:38:48,Handmade - Stationery,1,Regular,1191,$4.50 ,$0.00 ,08R30JMPKH7ZB0EPSY8A71PKW8,1.99,56%,Female,18-25,GA
6/22/18,14:01:40,Handmade - Stationery,1,,377,$4.50 ,$0.00 ,02AQZNS8113W8GTYCE8NQ0JCKC,1.99,56%,Female,26-35,GA
6/16/18,18:28:27,Handmade - Stationery,1,,377,$4.50 ,($0.67),62WJZ3WB7D626WT5X83MK1PHJ0,1.99,56%,Male,36-45,GA
6/16/18,18:28:27,Handmade - Stationery,1,,379,$4.50 ,($0.68),XPVPEKFY050M8RREZ29VE1WGAR,1.99,56%,Male,46-55,GA
6/16/18,16:20:42,Handmade - Stationery,1,Regular,1191,$4.50 ,($0.68),7Q89DYAE6H29JPT8VKB0KFRJTW,1.99,56%,Female,56-64,FL
6/16/18,16:20:42,Handmade - Stationery,1,,377,$4.50 ,($0.67),Y1VKE889G17YGPWKGGVZWV9X0G,1.99,56%,Female,18-25,NC
6/16/18,15:23:18,Handmade - Stationery,1,,377,$4.50 ,($0.68),T1TQXTN2S96WWHR5YW9WB1DMBW,1.99,56%,Male,18-25,NC
6/16/18,15:22:58,Handmade - Stationery,1,Regular,1191,$4.50 ,($0.68),H5XZXJX3YH1MWRAE4D9EG8EGNW,1.99,56%,Male,26-35,NC
6/16/18,14:26:50,Handmade - Stationery,1,Regular,1191,$4.50 ,($0.68),ZAYQ7QAY1S6PWYS9W1EEABVDGG,1.99,56%,Male,36-45,NC
6/16/18,13:19:57,Handmade - Stationery,1,Regular,1191,$4.50 ,($0.67),MAGFJV5HY5352NP7CNKVF9AVJR,1.99,56%,Female,26-35,SC
6/16/18,13:05:38,Handmade - Stationery,1,Regular,1191,$4.50 ,($0.68),PXV60T8S5N6DENHDGDS785D8CG,1.99,56%,Female,36-45,SC
6/16/18,13:03:44,Handmade - Stationery,1,Regular,1191,$4.50 ,($0.68),G4H92AAJ911R4GK3J0WE0AJHJC,1.99,56%,Female,46-55,SC
6/15/18,17:11:14,Handmade - Stationery,1,,379,$4.50 ,($0.68),X5EXPQ69XD2CYZDPWDDVBT1F94,1.99,56%,Male,18-25,TN
6/15/18,17:11:14,Handmade - Stationery,1,,377,$4.50 ,($0.68),2TKN576QQX6DGR5P1ADAPMC1QW,1.99,56%,Male,26-35,VA
6/15/18,17:11:14,Handmade - Stationery,1,,377,$4.50 ,($0.67),FP7FS6P0MD2PCNSYPCTXK4N6Y4,1.99,56%,Female,56-64,GA
6/15/18,14:39:10,Handmade - Stationery,1,,377,$4.50 ,($0.68),V99CK1JD352S0JH1RN7RG88Y8C,1.99,56%,Female,18-25,FL
6/15/18,14:39:10,Handmade - Stationery,1,Regular,1191,$4.50 ,($0.67),QHE4DA31P96MYQTW46FMK4HD2R,1.99,56%,Male,26-35,FL
6/15/18,12:46:07,Handmade - Stationery,1,,377,$4.50 ,($0.68),", ZGV3RWANQS42ANYC53XGM9DPNR",1.99,56%,Female,56-64,NC
6/13/18,13:40:16,Handmade - Stationery,1,Regular,1191,$4.50 ,$0.00 ,BZQGE0BM6H5PPKG7CTASZBNVAR,1.99,56%,Female,64+,NC
6/12/18,14:12:05,Handmade - Stationery,1,Regular,1191,$4.50 ,$0.00 ,PTV24XQDCX0R2N6VKCAWYZDK9M,1.99,56%,Female,18-25,NC
6/12/18,13:41:47,Handmade - Stationery,1,,377,$4.50 ,$0.00 ,BPPYDSD1JD4KYGAXF5TMQYCWX0,1.99,56%,Male,26-35,NC
6/9/18,16:57:06,Handmade - Stationery,1,,377,$4.50 ,($0.90),306W1V4CR539AJGR4X6KTMY8DW,1.99,56%,Male,26-35,NC
6/8/18,17:06:46,Handmade - Stationery,1,Regular,1191,$4.50 ,$0.00 ,RZC4QN1Z5H4CEKTGV07WBMH9PG,1.99,56%,Female,36-45,NC
6/8/18,12:14:22,Handmade - Stationery,1,,379,$4.50 ,$0.00 ,58CJF3GV0545ETT15YZVZ7YSX4,1.99,56%,Female,18-25,NC
6/7/18,12:46:25,Handmade - Stationery,1,,377,$4.50 ,($0.67),GESP0JG02N1VGYGAX5TP44ETKG,1.99,56%,Female,26-35,NC
5/30/18,14:31:00,Handmade - Stationery,1,Regular,1191,$4.50 ,$0.00 ,J7B7Y9MKQX0M8Y6499HP12QG2R,1.99,56%,Female,36-45,NC
5/30/18,12:38:26,Antiques,1,Regular,1116,$4.50 ,$0.00 ,ERREFE3E7900PKRX7VY0Q38YG4,1.99,56%,Male,46-55,SC
5/29/18,17:02:08,Handmade - Stationery,1,,379,$4.50 ,$0.00 ,GPJ12R5MJ160AV089MBFQRZ130,1.99,56%,Male,18-25,SC
5/29/18,17:02:08,Handmade - Stationery,1,Regular,1191,$4.50 ,$0.00 ,XJAW70XMCS0GPWBER15C4V7RA8,1.99,56%,Female,26-35,SC
5/26/18,14:31:45,Handmade - Stationery,1,,377,$4.50 ,$0.00 ,XZRE393WZ15RRZJZW2XMM9AF04,1.99,56%,Female,36-45,TN
5/25/18,15:34:55,Handmade - Stationery,1,,379,$4.50 ,$0.00 ,RXQQVER3D518YQ0QDS3VVX0Q98,1.99,56%,Female,46-55,VA
5/25/18,15:34:55,Handmade - Stationery,1,Regular,1191,$4.50 ,$0.00 ,A2C5TMA2Q96EAK9XG039JPDJD4,1.99,56%,Female,56-64,VA
5/25/18,12:52:28,Handmade - Stationery,1,Regular,1191,$4.50 ,$0.00 ,JEGCZZ2MJD6WTY02BMZJ8VKR34,1.99,56%,Male,26-35,GA
5/23/18,13:45:15,Handmade - Stationery,1,Regular,1191,$4.50 ,$0.00 ,W4AJXNKP2N4Z4Y8YAH8H3YYE04,1.99,56%,Female,46-55,GA
5/19/18,17:38:49,Handmade - Stationery,1,,377,$4.50 ,$0.00 ,BBNHPHN4N5176G967GW111QDYG,1.99,56%,Female,64+,FL
5/19/18,17:38:49,Handmade - Stationery,1,,377,$4.50 ,$0.00 ,K01S9A4K7H0HTVWW5N8WMYYH4R,1.99,56%,Male,18-25,NC
5/19/18,16:51:10,Handmade - Stationery,1,,379,$4.50 ,$0.00 ,W6DW07TDX1136JJ41446CWA9MG,1.99,56%,Female,26-35,NC
5/18/18,16:02:46,Handmade - Stationery,1,,377,$4.50 ,$0.00 ,PFFE7E7FT13C50VXCS630CHBTR,1.99,56%,Female,36-45,NC
5/18/18,15:59:50,Handmade - Stationery,1,,379,$4.50 ,$0.00 ,AQB71T98RN7WMK5ATG9THJX3Z8,1.99,56%,Female,18-25,NC
5/12/18,13:09:07,Handmade - Stationery,1,,377,$4.50 ,$0.00 ,C957K70GVS4TGYRD9P8Q7YNT2C,1.99,56%,Male,36-45,SC
5/11/18,13:17:43,Antiques,1,Regular,1116,$4.50 ,$0.00 ,BA0M523J610FMVRF9XYQSYB700,1.99,56%,Female,18-25,SC
5/10/18,15:26:23,Handmade - Stationery,1,,379,$4.50 ,$0.00 ,AZ4T08WCNH2N0TQA1HCFQED484,1.99,56%,Female,36-45,VA
5/9/18,13:55:12,Antiques,1,Regular,1116,$4.50 ,$0.00 ,MH0Q3GHJ311B6QV2P27K038V4M,1.99,56%,Female,46-55,VA
5/8/18,13:09:53,Antiques,1,Regular,1116,$4.50 ,($0.68),SND7BE5KGS71RPRBJZSBJBG3JR,1.99,56%,Male,18-25,GA
5/2/18,16:53:04,Handmade - Stationery,1,,379,$4.50 ,$0.00 ,TFJK4WRHJ11Y4QYMQNZWB55AXR,1.99,56%,Female,26-35,FL
5/2/18,16:53:04,Handmade - Stationery,1,,377,$4.50 ,$0.00 ,4X6KQ8JZ9H026J20JMDTWGV1V8,1.99,56%,Female,36-45,FL
5/2/18,14:44:00,Handmade - Stationery,1,,379,$4.50 ,$0.00 ,QKXTZR4KT10ECZAF58Y0E17W20,1.99,56%,Female,46-55,NC
4/28/18,16:05:22,Antiques,1,Regular,1116,$4.50 ,($0.68),C8NVR159RD28EJ7DFQG44Z91MG,1.99,56%,Female,56-64,NC
4/28/18,14:46:07,Antiques,1,Regular,1116,$4.50 ,$0.00 ,8A4HSC2CFN1KYMAHNKMQD7D57M,1.99,56%,Male,64+,NC
4/28/18,12:45:11,Antiques,1,Regular,1116,$4.50 ,$0.00 ,7EKFV6JMCX4B4W3ZQ3WCXKHMEC,1.99,56%,Male,18-25,NC
4/27/18,12:22:28,Antiques,1,Regular,1116,$4.50 ,$0.00 ,CA57V8X28D1J8JT1TPDJ3BE75R,1.99,56%,Female,26-35,NC
4/26/18,15:52:34,Antiques,1,Regular,1116,$4.50 ,$0.00 ,BGADVGVPRX21AV8565F70HZE0R,1.99,56%,Female,36-45,NC
4/26/18,14:06:17,Handmade - Stationery,1,,377,$4.50 ,$0.00 ,7YSR0J728S7Q0VT3DFCXSS9458,1.99,56%,Male,26-35,NC
4/24/18,13:23:06,Antiques,1,Regular,1116,$4.50 ,$0.00 ,V8EGPP79BX3MJXH68K5DMTY910,1.99,56%,Male,36-45,NC
4/24/18,12:39:12,Handmade - Stationery,1,,377,$4.50 ,$0.00 ,NZPJT1XGCX7DTNNYST5HVS7QNG,1.99,56%,Female,46-55,NC
4/19/18,17:23:47,Handmade - Stationery,1,,379,$4.50 ,$0.00 ,837S1TPTZN1QJMFSQT22D3X6D0,1.99,56%,Female,18-25,SC
4/14/18,16:31:32,Antiques,1,,371,$4.50 ,($0.45),E2GPTFVMGS5WJY47YAG1SYP0KG,1.99,56%,Female,36-45,SC
4/13/18,13:26:50,Handmade - Stationery,1,,377,$4.50 ,($0.68),FM9801NFNN230SDGQDY9170ENM,1.99,56%,Male,56-64,VA
4/13/18,13:26:50,Handmade - Stationery,1,,377,$4.50 ,($0.67),G80EWAY8753BPRMAWBY5YCTT6W,1.99,56%,Female,26-35,VA
4/4/18,15:11:23,Handmade - Stationery,1,,379,$4.50 ,$0.00 ,HN51TCB5FS37EQGCE23YHZK9YM,1.99,56%,Female,36-45,GA
4/4/18,15:11:23,Handmade - Stationery,1,,377,$4.50 ,$0.00 ,KTW0AHTHCD562NC6YJ212TFKKC,1.99,56%,Female,46-55,GA
4/4/18,15:09:15,Handmade - Stationery,1,,379,$4.50 ,$0.00 ,F1ECVVJWMX5ZPPF0FT9RMTV22W,1.99,56%,Male,56-64,GA
4/4/18,15:09:15,Handmade - Stationery,1,,377,$4.50 ,$0.00 ,GE3Y2GS9W90SPS9QN3CG0E7QDR,1.99,56%,Male,64+,GA
4/3/18,16:47:00,Handmade - Stationery,1,,377,$4.50 ,$0.00 ,7EK0K98G1X0XWJADH6JZXPGA0M,1.99,56%,Male,18-25,FL
3/31/18,18:31:04,Handmade - Stationery,1,,377,$4.50 ,$0.00 ,WQDZMCNTZD6TEXBKQPKDQ615QM,1.99,56%,Female,26-35,FL
3/31/18,13:58:51,Handmade - Stationery,1,,379,$4.50 ,$0.00 ,R1N8R1RM6X50TGBWJ4GM2CE9QW,1.99,56%,Female,18-25,NC
3/30/18,14:51:40,Handmade - Stationery,1,,379,$4.50 ,$0.00 ,NF5M428PVX52CGATQR32ZVT3YW,1.99,56%,Male,18-25,NC
3/28/18,13:24:56,Handmade - Stationery,1,,377,$4.50 ,$0.00 ,24P6WETHYD404Q4M3KQJF64370,1.99,56%,Male,26-35,NC
3/24/18,15:41:18,Handmade - Stationery,1,,379,$4.50 ,$0.00 ,J30S6SWJYN3T6K86R5HEW26GZC,1.99,56%,Male,46-55,VA
3/22/18,13:33:12,Handmade - Stationery,1,,377,$4.50 ,$0.00 ,YCCCY1X31N0DAHX5PXCJNXDTE8,1.99,56%,Female,26-35,GA
3/17/18,12:44:28,Handmade - Stationery,1,,377,$4.50 ,$0.00 ,8BPWRCMKHD7VCPEB0B6EKPM86C,1.99,56%,Male,46-55,FL
3/17/18,12:44:28,Handmade - Stationery,1,,379,$4.50 ,$0.00 ,0JBR31QSW92JGW5HSHH4EEPCF4,1.99,56%,Male,56-64,NC
3/14/18,12:18:09,Handmade - Stationery,1,,377,$4.50 ,$0.00 ,GFWZQMTWVH4GWPBDP0Z8JFGC0R,1.99,56%,Male,64+,NC
3/13/18,15:42:36,Handmade - Stationery,1,,377,$4.50 ,$0.00 ,XJNFPVM10565CSJF72Q58Z9E68,1.99,56%,Female,26-35,NC
3/10/18,12:54:20,Handmade - Stationery,1,,379,$4.50 ,$0.00 ,6459E2DCWD340MY4XN6YG6BF8W,1.99,56%,Female,18-25,NC
3/10/18,12:54:20,Handmade - Stationery,1,,377,$4.50 ,$0.00 ,8ZJC42RGJ957TVW0W8BCM9VGKR,1.99,56%,Female,26-35,NC
3/9/18,13:01:44,Handmade - Stationery,1,,379,$4.50 ,$0.00 ,", 776X8YA6793ZJY98QYY7KPPFC0",1.99,56%,Male,36-45,NC
3/6/18,14:25:49,Handmade - Stationery,1,,379,$4.50 ,$0.00 ,8Y8KQ3JV912ZMWHTGJKD3KDHB0,1.99,56%,Male,18-25,NC
3/3/18,12:36:09,Handmade - Stationery,1,,377,$4.50 ,$0.00 ,T82FBRMQR51B6Q2NHTJSRD848C,1.99,56%,Female,26-35,NC
3/2/18,16:04:50,Handmade - Stationery,1,,377,$4.50 ,$0.00 ,8R8VM99Y9D5YJT9NGDC5PG3XJ4,1.99,56%,Female,18-25,NC
2/24/18,15:22:02,Handmade - Stationary,1,,377,$4.50 ,$0.00 ,2JNT5W205S3MPMKA7BQTVY5W08,1.99,56%,Male,26-35,SC
2/23/18,16:32:38,Handmade - Stationary,1,,379,$4.50 ,($0.68),X0WNQ1WJMN5XCRAPP4M620BTF0,1.99,56%,Male,36-45,SC
2/23/18,16:32:38,Handmade - Stationary,1,,377,$4.50 ,($0.67),KHKT8ZF7ZX7FATT4SBEZ349210,1.99,56%,Female,46-55,SC
2/15/18,12:06:12,Handmade - Stationary,1,,377,$4.50 ,$0.00 ,YAT8T6R6KD6J8TCWWJETY2PZMC,1.99,56%,Female,18-25,VA
2/13/18,19:03:55,Handmade - Stationary,1,,377,$4.50 ,($0.68),HNHFR2G1A119JSRVEQFD0K0900,1.99,56%,Female,26-35,VA
2/13/18,18:36:58,Handmade - Stationary,1,,377,$4.50 ,($0.67),884YM9YCBH3YYWJTZAJVZTYG80,1.99,56%,Male,46-55,GA
2/13/18,13:37:32,Handmade - Stationary,1,,377,$4.50 ,$0.00 ,2W1GDSWBP9098KTBZERMCS1MP8,1.99,56%,Female,18-25,GA
2/10/18,16:15:36,Handmade - Stationary,1,,377,$4.50 ,($0.67),8VKQ9ATEYD5BGZ62NBKBW2A63C,1.99,56%,Female,26-35,FL
2/10/18,13:19:56,Handmade - Stationary,1,,377,$4.50 ,$0.00 ,PXEJPGYGD544CH39YPB5BCJ75G,1.99,56%,Male,26-35,NC
2/10/18,13:00:53,Handmade - Stationary,1,,377,$4.50 ,$0.00 ,3FM6CE27ZH6M8YSDCG8XMADRRC,1.99,56%,Male,36-45,NC
2/9/18,17:42:28,Handmade - Stationary,1,,377,$4.50 ,$0.00 ,TZATFDPES132RK4HR64N9FZ76G,1.99,56%,Female,18-25,NC
2/8/18,13:26:55,Handmade - Stationary,1,,377,$4.50 ,$0.00 ,DCB4R69HFS0JTQDN3AJ3K6DB04,1.99,56%,Female,26-35,NC
2/6/18,14:17:30,Handmade - Stationary,1,,379,$4.50 ,$0.00 ,KQEYKCB7R52G2JHGGVSDSK9V98,1.99,56%,Male,18-25,SC
2/2/18,21:08:07,Handmade - Stationary,1,,377,$4.50 ,($0.45),46PTNJB781154VZ5QQYWQVG47M,1.99,56%,Male,26-35,SC
2/1/18,14:33:06,Handmade - Stationary,1,,377,$4.50 ,($0.67),932WKDSJXS4SEH75X5EPADNNCC,1.99,56%,Female,46-55,TN
1/31/18,14:46:51,Handmade - Stationary,1,,377,$4.50 ,($0.67),YRA83FFMM531MTPCB4QRNPWPTC,1.99,56%,Female,56-64,VA
1/27/18,17:32:02,Handmade - Stationary,1,,377,$4.50 ,$0.00 ,ZFTPWBDJNS462Y5RBA4HQ12560,1.99,56%,Male,26-35,GA
1/26/18,17:35:26,Handmade - Stationary,1,,377,$4.50 ,$0.00 ,PP9QDTPAGH76TSBQVBWVGH791G,1.99,56%,Female,18-25,NC
1/26/18,12:43:58,Handmade - Stationary,1,,379,$4.50 ,($0.68),9E7Y9VXWX53A4SH1V0XBGRS73G,1.99,56%,Female,26-35,NC
1/2/18,14:06:56,Handmade - Artwork,1,,379,$4.50 ,$0.00 ,72S0ZJJ6FX3CRWB7GDF2J9VK64,1.99,56%,Male,18-25,NC
1/2/18,14:06:56,Handmade - Artwork,1,,377,$4.50 ,$0.00 ,46JZSNVSFD6CCS0YSG8EWKGAPM,1.99,56%,Male,26-35,NC
12/30/17,18:04:24,Handmade - Artwork,1,,377,$4.50 ,($0.68),RGH05QG64H3YYN6YCXGBR7FSXC,1.99,56%,Female,36-45,NC
12/21/17,15:17:32,Handmade - Artwork,1,,377,$4.50 ,($0.68),Y6TWBPPQGN1X6HTCCJBDEF7FCR,1.99,56%,Female,18-25,NC
12/20/17,14:45:34,Handmade - Artwork,1,,377,$4.50 ,($0.68),NP15TMYZX934ASZ37B2KZD0SPW,1.99,56%,Female,26-35,NC
12/15/17,15:44:39,Handmade - Artwork,1,,377,$4.50 ,$0.00 ,P62PWP4GTH3M6WRRFVSTE9DB7R,1.99,56%,Male,46-55,NC
12/7/17,12:15:05,Handmade - Artwork,1,,377,$4.50 ,$0.00 ,QPSV7J1MQN0REM89KFXFF77XXR,1.99,56%,Male,18-25,NC
11/22/17,15:15:38,Handmade - Artwork,1,,377,$4.50 ,$0.00 ,1H8MHDPYA5526NH98Y216QKGP0,1.99,56%,Female,26-35,NC
11/18/17,15:56:11,Handmade - Artwork,1,,377,$4.50 ,$0.00 ,YRHAYTKYA57QEY4JCWNPFE9DVC,1.99,56%,Female,36-45,SC
11/15/17,15:14:15,Handmade - Artwork,1,,379,$4.50 ,$0.00 ,DMACEWPYN977MY08KC4FK6SXR4,1.99,56%,Female,46-55,SC
11/11/17,17:19:14,Handmade - Artwork,1,,377,$4.50 ,$0.00 ,VE8BS1W1PD5S8VWJE351DEC4P8,1.99,56%,Male,18-25,TN
11/10/17,18:25:52,Handmade - Artwork,1,,377,$4.50 ,$0.00 ,S651SDQXD16NTNJQ6GBKG9C83R,1.99,56%,Male,26-35,VA
11/7/17,12:42:57,Handmade - Artwork,1,,379,$4.50 ,$0.00 ,WPW7XG4X2X3K0SD1DJ2719YAC4,1.99,56%,Male,36-45,VA
11/4/17,15:22:27,Handmade - Artwork,1,,377,$4.50 ,$0.00 ,F5GT3JYWN521GY625QFN8HFPP8,1.99,56%,Female,64+,GA
11/4/17,15:22:27,Handmade - Artwork,1,,379,$4.50 ,$0.00 ,7X885FRWFS3D8QA1X08ZZNAAP4,1.99,56%,Female,18-25,GA
11/3/17,18:24:33,Handmade - Artwork,1,,377,$4.50 ,($0.45),T6WHE8GFC54FGTFZS0A33XSYYC,1.99,56%,Male,18-25,FL
10/28/17,12:42:53,Handmade - Artwork,1,,377,$4.50 ,$0.00 ,MSYQ5JYES16D0YY7TJTP7ZWP6R,1.99,56%,Female,18-25,NC
10/27/17,16:26:59,Handmade - Artwork,1,,379,$4.50 ,$0.00 ,RCNMVFHAP9242JGBNF82DJTFQR,1.99,56%,Female,26-35,NC
10/27/17,16:26:01,Handmade - Artwork,1,,379,$4.50 ,$0.00 ,5WBQHBCH59506ZPMTH59JEF6KW,1.99,56%,Male,36-45,NC
10/26/17,15:47:14,Handmade - Artwork,1,,377,$4.50 ,$0.00 ,PP54D4VMHD6RMYQCKHVNQ53P14,1.99,56%,Female,18-25,NC
10/26/17,13:48:24,Handmade - Artwork,1,,379,$4.50 ,$0.00 ,0DERM3XMVD3FEV651N5E0NDJGW,1.99,56%,Female,26-35,SC
10/24/17,18:01:06,Handmade - Artwork,1,,379,$4.50 ,$0.00 ,R1TBAR944X3JRZY9V0GS8TRGP0,1.99,56%,Female,36-45,SC
10/17/17,16:06:30,Handmade - Artwork,1,,377,$4.50 ,$0.00 ,NS72QTHR4D0N4YX9HBJ1R8C4A8,1.99,56%,Female,46-55,SC
10/13/17,20:17:24,Handmade - Artwork,1,,377,$4.50 ,$0.00 ,VEHPTMD8MD1TPSWGG4DJEEKPW4,1.99,56%,Male,18-25,VA
10/13/17,12:23:48,Vintage Accessories,1,,6,$4.50 ,$0.00 ,NWJBA1Y8E113RRPHWJ0B09262W,1.99,56%,Female,26-35,GA
10/12/17,19:54:23,Handmade - Artwork,1,,379,$4.50 ,$0.00 ,N7BDQ0F39D0T0MFWGTTYJQJQX0,1.99,56%,Male,64+,NC
10/12/18,19:19:00,Vintage Accessories,1,,388,$4.00 ,($0.60),5401PGE11D6WMK4FBQ56XG12MW,1.99,50%,Female,18-25,NC
10/11/18,16:43:06,Antiques,1,good,1070,$4.00 ,$0.00 ,", RR8AW7K1FS3H8KZMZP0AZM0RNG",1.99,50%,Female,46-55,NC
10/6/18,13:02:03,Vintage Accessories,1,,388,$4.00 ,($0.60),386CCCYRZD6YRS38CR6PJC95GG,1.99,50%,Female,18-25,NC
10/5/18,17:54:39,Vintage Accessories,2,,383,$4.00 ,$0.00 ,47VVHX45Z54XWVPXANAZ449CPC,1.99,50%,Male,56-64,SC
10/2/18,13:29:28,Handmade - Artwork,2,short strand,1041,$4.00 ,$0.00 ,WF0EB9SV411Q8N0NHFG7M0QJ14,1.99,50%,Female,36-45,VA
9/29/18,13:46:47,Handmade - Artwork,2,Regular,403,$4.00 ,($0.60),Z1WYBMATY16YAPY1MXA71HT16C,1.99,50%,Female,46-55,VA
9/28/18,15:01:55,Handmade - Artwork,2,short strand,1041,$4.00 ,$0.00 ,JQTEADDH9X42PYSSZCH2XCDMXM,1.99,50%,Female,18-25,GA
9/28/18,15:00:27,Handmade - Artwork,2,short strand,1041,$4.00 ,$0.00 ,F7CXBFYY41666W02C6K0PY10F8,1.99,50%,Female,26-35,GA
9/28/18,14:09:29,Vintage Accessories,1,,388,$4.00 ,($0.60),9ZKF6BYPQS7FTRHXBQT5FXPMMG,1.99,50%,Female,18-25,FL
9/25/18,13:57:33,Vintage Accessories,2,,383,$4.00 ,$0.00 ,NG2M2EQ4XH0KYZDPZVDJC513Q4,1.99,50%,Female,26-35,FL
9/22/18,13:41:45,Antiques,1,good,1070,$4.00 ,($0.60),1655GFS0HH590ZF54F9FR58828,1.99,50%,Male,36-45,NC
9/21/18,18:06:36,Vintage Accessories,1,,388,$4.00 ,($0.60),94ZTW2EXYX5VMGHRJHM3YD49JR,1.99,50%,Male,18-25,NC
9/20/18,13:07:50,Vintage Accessories,1,,388,$4.00 ,$0.00 ,FF8AV9TTNH77RZ16HP1W3QF8VC,1.99,50%,Female,36-45,NC
9/18/18,14:18:16,Vintage Accessories,2,,383,$4.00 ,$0.00 ,RJMQ1C3TPD1C2YSBBM9J94JD6C,1.99,50%,Female,46-55,NC
9/8/18,18:50:09,Vintage Accessories,1,,388,$4.00 ,$0.00 ,M1RHDJ8EJ544EYMC9N6XDC6BK4,1.99,50%,Male,26-35,SC
9/8/18,15:11:35,Vintage Accessories,2,,383,$4.00 ,($0.40),AX6N59NKYD6WZ78J96NYCD1870,1.99,50%,Male,36-45,SC
9/8/18,14:57:24,Vintage Accessories,2,,383,$4.00 ,($0.40),10KJ0FC835138HNDR65WTXR7EW,1.99,50%,Male,46-55,SC
8/31/18,18:03:06,Vintage Accessories,1,,388,$4.00 ,$0.00 ,7GSSM6VB696S6RZWKY5W1G9SBC,1.99,50%,Female,18-25,VA
8/31/18,17:40:01,Vintage Accessories,2,,383,$4.00 ,$0.00 ,RRHD1EC5BD6JWV6RSED1MFRZAC,1.99,50%,Female,36-45,GA
8/31/18,14:02:33,Vintage Accessories,1,,388,$4.00 ,$0.00 ,MHYF89389N76PM0Z7Y0NHKAM0R,1.99,50%,Male,56-64,FL
8/29/18,15:13:15,Vintage Accessories,1,,388,$4.00 ,$0.00 ,VY7QEEK0B1584MVD2X9EZCYT54,1.99,50%,Female,64+,FL
8/25/18,18:33:05,Vintage Accessories,1,,388,$4.00 ,$0.00 ,YY73DZQREN6VAN173Y1V9T344C,1.99,50%,Female,26-35,NC
8/24/18,14:54:36,Vintage Accessories,1,,388,$4.00 ,$0.00 ,GZNENE4FK10SPS151MRY8RBRAC,1.99,50%,Male,36-45,NC
8/23/18,12:12:10,Vintage Accessories,1,,388,$4.00 ,($0.60),SZ6JR45HBD59MJVSS27J2TND6G,1.99,50%,Female,26-35,NC
8/18/18,18:48:22,Vintage Accessories,1,,388,$4.00 ,$0.00 ,AA83T27RHS6QTXC6V0CN7BJKE4,1.99,50%,Female,36-45,NC
8/18/18,15:27:26,Handmade - Artwork,2,Regular,403,$4.00 ,($0.40),4RMYME115H73PK8GBHRFFFE0C4,1.99,50%,Female,46-55,NC
8/18/18,12:32:01,Vintage Accessories,1,,388,$4.00 ,($0.60),PCG8DVFAJN0F0NW8E8GH0ZW1B0,1.99,50%,Male,26-35,NC
8/17/18,17:08:29,Vintage Accessories,1,,68,$4.00 ,$0.00 ,G2QARWXSZH22EG2YVB8BZ6DQ20,1.99,50%,Male,36-45,NC
8/15/18,14:33:20,Antiques,1,,372,$4.00 ,$0.00 ,G1TE9PN2CX5VYX4K4MYVB4Z4KC,1.99,50%,Female,46-55,SC
8/15/18,14:33:20,Antiques,1,good,1070,$4.00 ,$0.00 ,KQ1ZXTAD2D0REH1KN0WDBWXK58,1.99,50%,Female,18-25,SC
8/11/18,14:16:07,Custom Merchandise,2,gray,1024,$4.00 ,$0.00 ,98N9J0ATGX0D1AEFH4J2N5W33W,1.99,50%,Female,26-35,TN
8/10/18,16:23:56,Antiques,1,,75,$4.00 ,$0.00 ,B7R2CAE669294WAA4CRAB3JK7C,1.99,50%,Male,46-55,VA
8/10/18,14:13:15,Vintage Accessories,2,,383,$4.00 ,$0.00 ,NSR1THSAFN3VGMJAZE6BV882HC,1.99,50%,Female,18-25,GA
8/1/18,13:13:28,Vintage Accessories,2,,383,$4.00 ,$0.00 ,W2JQQEHWMD2JGGC7GK5T4X3J20,1.99,50%,Male,18-25,GA
8/1/18,13:13:28,Vintage Accessories,1,,758,$4.00 ,$0.00 ,MAN6PY23Z54ECMHTSHCKPXR1BM,1.99,50%,Male,26-35,FL
7/27/18,15:36:45,Handmade - Artwork,2,Regular,403,$4.00 ,$0.00 ,EWPS9K20XD7P6NN3G7F3KPNJMG,1.99,50%,Female,18-25,NC
7/27/18,13:48:02,Vintage Accessories,1,,388,$4.00 ,($0.60),5FEDYWMFQD5WTHC3H0X6AYEW64,1.99,50%,Female,26-35,NC
7/21/18,17:27:34,Vintage Accessories,1,,388,$4.00 ,$0.00 ,NMG0MS9FWS206M319AB41V4PGG,1.99,50%,Male,46-55,NC
7/20/18,17:31:09,Handmade - Artwork,2,Regular,403,$4.00 ,$0.00 ,8P9QXJXQ4X17WS6YF5J9FMP9M8,1.99,50%,Male,18-25,NC
7/20/18,15:22:09,Vintage Accessories,2,,383,$4.00 ,$0.00 ,VVJ3H16FMH7J96TPMXV02EB5TR,1.99,50%,Male,26-35,NC
7/14/18,15:45:57,Vintage Accessories,1,,388,$4.00 ,$0.00 ,5TA2Q4AN0S1AASX6VW7249GQGM,1.99,50%,Female,36-45,SC
7/13/18,17:30:37,Vintage Accessories,2,,383,$4.00 ,$0.00 ,HTZBTPJ1JD47TYEGQ6MRKDAR0W,1.99,50%,Female,18-25,TN
7/12/18,16:08:27,Antiques,2,,361,$4.00 ,$0.00 ,N5APR6WEAH3ZPRS1ANH533KCK4,1.99,50%,Male,36-45,VA
7/6/18,19:41:31,Handmade - Artwork,2,Regular,403,$4.00 ,($0.60),3RTYSH5HKN7KAH0VFFX7BBKP94,1.99,50%,Female,64+,FL
7/5/18,16:36:17,Vintage Accessories,1,,388,$4.00 ,$0.00 ,8NK6ZGAGN56KPM1XG95PE98JXM,1.99,50%,Female,18-25,FL
7/4/18,14:37:19,Vintage Accessories,1,,388,$4.00 ,$0.00 ,PR6Z1P9A3N4SMY5AWCKJTV8STM,1.99,50%,Male,26-35,NC
7/3/18,17:02:24,Custom Merchandise,2,gray,1024,$4.00 ,$0.00 ,Q9YRN2YX0H018ZB14RJPYWDV1G,1.99,50%,Female,36-45,NC
7/3/18,14:06:49,Vintage Accessories,1,,388,$4.00 ,$0.00 ,ARAZ57BJRN5QGH5SK4Y0W2EZCW,1.99,50%,Female,18-25,NC
7/3/18,12:58:02,Vintage Accessories,2,,383,$4.00 ,$0.00 ,QH7DVX6N1D498VTMVHY6XBKGWW,1.99,50%,Male,18-25,NC
7/3/18,12:52:28,Vintage Accessories,1,,388,$4.00 ,$0.00 ,6EZRR8JXMD0EPZGP6E34M9EVWM,1.99,50%,Female,36-45,NC
6/23/18,13:38:48,Vintage Accessories,1,,388,$4.00 ,$0.00 ,CP3VYYQMEN2KCJR3WV5AFN3M5C,1.99,50%,Female,56-64,SC
6/20/18,15:21:52,Handmade - Artwork,2,Regular,403,$4.00 ,$0.00 ,ZJVFHH7Q1D3C0K2HK0QW65GXH8,1.99,50%,Female,36-45,TN
6/16/18,18:28:27,Vintage Accessories,1,,388,$4.00 ,$0.00 ,VGN0BKZJ2D26EYR799YYRG2GJR,1.99,50%,Female,64+,VA
6/16/18,15:00:06,Vintage Accessories,1,,388,$4.00 ,$0.00 ,628DGQRDX17METXQXJN2E7ET84,1.99,50%,Female,18-25,GA
6/9/18,15:23:17,Vintage Accessories,1,,388,$4.00 ,($0.40),MG9TFYPN556ZRP6QMDRN30VJZC,1.99,50%,Female,36-45,FL
6/8/18,17:59:32,Custom Merchandise,2,gray,1024,$4.00 ,$0.00 ,VFMMVD5N69686HVJHJ00F5WNFG,1.99,50%,Female,18-25,FL
6/2/18,18:14:19,Vintage Accessories,1,,388,$4.00 ,$0.00 ,BBKFD6EQ8X7FMMKMVNB4Q00588,1.99,50%,Male,36-45,NC
6/1/18,19:54:17,Custom Merchandise,2,gray,1024,$4.00 ,($0.40),PRKJ0Z80RX746TFTGRGFHCWRYC,1.99,50%,Male,46-55,NC
5/30/18,16:32:46,Custom Merchandise,2,white,503,$4.00 ,$0.00 ,7PVVP1YQCN2EEWZ48KQSGFDM1M,1.99,50%,Female,26-35,NC
5/29/18,13:20:04,Vintage Accessories,1,,388,$4.00 ,$0.00 ,X580FWRZ9D460SHM4202CG4YC0,1.99,50%,Female,36-45,NC
5/26/18,12:26:10,Handmade - Textiles,1,Regular,1047,$4.00 ,$0.00 ,HRZC1W3S1D5C0XHC7VNQD6DTKW,1.99,50%,Female,46-55,SC
5/20/18,16:05:24,Vintage Accessories,1,,388,$4.00 ,$0.00 ,9S7E0S5RD12Q6PTVRJBGXAWP7R,1.99,50%,Male,18-25,SC
5/16/18,12:58:35,Vintage Accessories,2,,383,$4.00 ,$0.00 ,FFSHBM8JT94NRRK1H1QEP107ER,1.99,50%,Male,56-64,GA
5/4/18,18:37:06,Antiques,2,,361,$4.00 ,($0.40),B1RQ7KZ4CN0GGRR3BWGD6TSWVM,1.99,50%,Male,18-25,NC
4/28/18,17:26:47,Handmade - Textiles,1,Regular,1047,$4.00 ,$0.00 ,CH8XH045SS4HMRS6KP28GPTN5M,1.99,50%,Male,26-35,NC
4/26/18,13:35:29,Handmade - Textiles,1,Regular,1047,$4.00 ,$0.00 ,2SJ9CR8A3H5DENT6NBQCEADCFR,1.99,50%,Female,46-55,NC
4/26/18,13:35:29,Vintage Accessories,1,,388,$4.00 ,$0.00 ,13385T8XT1486Z4F4J0SCANKB4,1.99,50%,Female,26-35,NC
4/24/18,13:09:59,Antiques,1,Regular,900,$4.00 ,$0.00 ,ZB2E5P2AN92N6QEXKCBY30F8R4,1.99,50%,Female,56-64,SC
4/20/18,17:57:37,Vintage Accessories,2,,383,$4.00 ,$0.00 ,S5CAVPHYG97V2PXWGMJT1MANKW,1.99,50%,Female,18-25,SC
4/20/18,12:10:05,Vintage Accessories,2,,383,$4.00 ,$0.00 ,HNNH2H9HT902JHM22C8C2ZWT7M,1.99,50%,Female,26-35,SC
4/20/18,12:05:24,Vintage Accessories,2,,383,$4.00 ,$0.00 ,RS2MJ54GZH0EEPQ0VE23D39XPW,1.99,50%,Female,36-45,TN
4/14/18,16:31:32,Antiques,1,good,1070,$4.00 ,($0.40),A04PNRFBRN3X2H4VCFS3GPXTSR,1.99,50%,Male,46-55,VA
4/14/18,13:28:40,Vintage Accessories,2,,385,$4.00 ,$0.00 ,39YFBD22TS71MZ1R966B3B276C,1.99,50%,Male,56-64,VA
4/13/18,18:27:32,Handmade - Textiles,1,Regular,1047,$4.00 ,$0.00 ,DX6DT54NJN3QENPF9C1RCA63P8,1.99,50%,Female,18-25,GA
4/11/18,12:57:46,Vintage Accessories,2,,385,$4.00 ,$0.00 ,956DN4EHZD74YYZK3TR0HQWJYR,1.99,50%,Female,26-35,GA
4/7/18,15:15:06,Vintage Accessories,1,,388,$4.00 ,$0.00 ,PGX8DVWN112KTZ375K5TZ7348R,1.99,50%,Male,18-25,FL
3/31/18,18:42:44,Vintage Accessories,1,,388,$4.00 ,$0.00 ,KQ1E6AGPZ1400KJ5CFD42XWFTC,1.99,50%,Female,26-35,NC
3/31/18,17:35:09,Vintage Accessories,1,,388,$4.00 ,$0.00 ,SJFMYSPK0S7PTXSHWATKBCV0R4,1.99,50%,Female,36-45,NC
3/31/18,16:24:43,Vintage Accessories,1,,24,$4.00 ,$0.00 ,C4MJ0744Z10Y4XDY6FQERPMW7R,1.99,50%,Male,26-35,NC
3/30/18,14:04:35,Antiques,1,,71,$4.00 ,$0.00 ,CMAGXQCYYH0WJWXR0HTD4DVX0M,1.99,50%,Male,36-45,NC
3/29/18,16:57:11,Vintage Accessories,2,,385,$4.00 ,$0.00 ,BZBM5WMM2S6KWMA0JGYYBYMHRW,1.99,50%,Female,46-55,SC
3/29/18,15:39:10,Vintage Accessories,1,,188,$4.00 ,$0.00 ,HPP4V1PZA96YEV215WYG6J5WMM,1.99,50%,Female,56-64,SC
3/24/18,15:41:18,Vintage Accessories,1,,388,$4.00 ,$0.00 ,Q6P0SK7T512GEN5VR4J7CRPMYW,1.99,50%,Female,18-25,SC
3/23/18,17:16:23,Vintage Accessories,1,,388,$4.00 ,($0.60),Q8ERJAEJM10E8QHANSQGFH7EQ4,1.99,50%,Female,26-35,TN
3/2/18,17:05:16,Vintage Accessories,1,,388,$4.00 ,($0.40),PPCN0ACDB5498SDYA2EXTTJZ5M,1.99,50%,Male,36-45,VA
2/24/18,12:24:38,Handmade - Artwork,2,Regular,403,$4.00 ,$0.00 ,QDNAHFW7717X2GYHDN8RWWWQZC,1.99,50%,Female,56-64,GA
2/23/18,16:41:42,Vintage Accessories,1,,757,$4.00 ,($0.60),FQD87W9FNN7MCM7GNJ7FXHPN2W,1.99,50%,Female,18-25,FL
2/13/18,19:08:03,Vintage Accessories,2,,383,$4.00 ,($0.60),9J0W3041NS430QA9058NJT35KW,1.99,50%,Female,26-35,FL
2/9/18,15:42:34,Vintage Accessories,1,,388,$4.00 ,$0.00 ,QFFCXWZA7D7N2W69PK1FD3SCZ8,1.99,50%,Male,26-35,NC
2/3/18,16:21:36,Vintage Accessories,1,,388,$4.00 ,$0.00 ,BWD8N4MAA125ERCQCRCF4KMH5G,1.99,50%,Male,36-45,NC
2/3/18,13:56:42,Vintage Accessories,2,,383,$4.00 ,$0.00 ,247HB9J9ED01RQ524B9E6GJZ10,1.99,50%,Female,18-25,NC
1/30/18,17:22:39,Vintage Accessories,1,,388,$4.00 ,$0.00 ,PY8VBR7EQD136SE8DMJC3AVYPC,1.99,50%,Female,26-35,NC
1/27/18,15:21:55,Vintage Accessories,2,,383,$4.00 ,($0.60),MAXQPKDKCN1F2WVAP64H820K8M,1.99,50%,Female,36-45,NC
1/19/18,14:42:29,Custom Merchandise,2,Regular,503,$4.00 ,($0.60),PZQ50CAYF55AAPE1EFZGD697F0,1.99,50%,Female,46-55,NC
1/19/18,14:39:57,Custom Merchandise,2,Regular,503,$4.00 ,($0.60),FJPENEQBKD3KRK2PHNETDXQY2C,1.99,50%,Male,26-35,NC
1/16/18,13:22:16,Vintage Accessories,1,,388,$4.00 ,($0.60),R08HRJ8APH3X0TKNPQY6DCYWPR,1.99,50%,Female,46-55,NC
1/13/18,14:05:40,Vintage Accessories,2,,383,$4.00 ,($0.60),9Y38X0BXDS76CQENPX4RNQKEMC,1.99,50%,Female,18-25,SC
1/13/18,13:45:47,Antiques,2,,361,$4.00 ,$0.00 ,7VSN2PDQYN09JH4AY4220X0YYM,1.99,50%,Male,26-35,SC
1/12/18,16:13:35,Vintage Accessories,1,,388,$4.00 ,($0.60),EBYPSC360N7R2TYPBZHAAPJ9M8,1.99,50%,Female,56-64,VA
1/5/18,16:26:03,Vintage Accessories,1,,388,$4.00 ,$0.00 ,HVESJB7K3N0QGKSRWRSRW4J80G,1.99,50%,Male,26-35,GA
12/30/17,18:08:58,Vintage Accessories,2,,383,$4.00 ,($1.00),H289N68S3S19RSSMVV3WSGRNJR,1.99,50%,Female,18-25,FL
12/30/17,18:04:24,Vintage Accessories,1,,388,$4.00 ,($0.60),WX4TSXYY6H49AQNNZ31B6VV6ZC,1.99,50%,Female,26-35,FL
12/24/17,13:36:09,Handmade - Artwork,2,Regular,403,$4.00 ,($0.60),4DF7CY4YTX4WYTV84MR95ETE60,1.99,50%,Female,26-35,NC
12/24/17,13:36:09,Custom Merchandise,2,Regular,503,$4.00 ,($0.60),S6GXF2Q3J94S4PK52FGGFZD6BM,1.99,50%,Female,36-45,NC
12/23/17,15:23:21,Holiday,1,,656,$4.00 ,($0.60),VW06DCCZ9D0F0JB5036Y0MR1CM,1.99,50%,Female,46-55,NC
12/23/17,12:52:07,Vintage Accessories,2,,383,$4.00 ,($0.60),T4N77QWC013AMXSMV1HKX5NZWW,1.99,50%,Female,56-64,SC
12/22/17,18:04:18,Vintage Accessories,1,,388,$4.00 ,($0.60),8RNNHNWDFS5F2R63XFWJJEF2AG,1.99,50%,Male,18-25,SC
12/22/17,15:12:24,Vintage Accessories,1,,388,$4.00 ,($0.60),WPDQW6KFEH5XATDSNR4V0TWJAG,1.99,50%,Male,26-35,SC
12/21/17,15:40:26,Holiday,1,,543,$4.00 ,($0.60),KX5DPWK1MN6E2GTZXKV6CXNPG0,1.99,50%,Male,18-25,FL
12/20/17,13:02:42,Vintage Accessories,1,,388,$4.00 ,($0.60),X0Q6V36JE52GPV568XHRHA3YYC,1.99,50%,Female,36-45,NC
12/20/17,12:59:56,Holiday,2,,657,$4.00 ,($0.60),M3VHR7JNCD3M2P71RSTVWAFC5M,1.99,50%,Female,26-35,NC
12/16/17,16:03:56,Handmade - Artwork,2,Regular,403,$4.00 ,($0.60),F3M3HWE8GS7MPYW20PF6VGWHKC,1.99,50%,Male,36-45,NC
12/16/17,14:24:27,Vintage Accessories,2,,383,$4.00 ,$0.00 ,8YHY35D9D56EJRQDRVXXWDS9C8,1.99,50%,Male,46-55,NC
12/16/17,14:24:27,Vintage Accessories,1,,388,$4.00 ,$0.00 ,TPQ0ZVMTR95Z8PQP1CF2XG7V7M,1.99,50%,Female,18-25,NC
12/12/17,14:22:31,Vintage Accessories,2,,383,$4.00 ,($0.60),X5PPTA2XS177PT7ZVTH0YC6MEC,1.99,50%,Female,26-35,NC
12/5/17,15:03:55,Holiday,2,,657,$4.00 ,$0.00 ,JY1AXJ2BMS3X2GMPJ2NSQFJ03R,1.99,50%,Female,36-45,NC
12/2/17,12:10:24,Antiques,1,,543,$4.00 ,$0.00 ,KDSG3S1JDX7S4WQDCGF4FKKMV4,1.99,50%,Male,56-64,NC
12/1/17,20:03:40,Vintage Accessories,1,,388,$4.00 ,($0.40),9XABVH7G210YWN8MJSV5EN3TH4,1.99,50%,Male,18-25,NC
12/1/17,16:26:27,Vintage Accessories,1,,388,$4.00 ,($0.40),2K0HRR25ED6Z6W94WEFYWCNQJW,1.99,50%,Female,26-35,SC
11/24/17,19:08:16,Custom Merchandise,2,Regular,503,$4.00 ,($0.80),760KW4S3J92MGRNC0WNVDPHJBM,1.99,50%,Male,26-35,VA
11/24/17,14:08:10,Vintage Accessories,1,,388,$4.00 ,($0.80),KEZ5CMCSBD3WZC8GCG15BQ5050,1.99,50%,Female,18-25,GA
11/24/17,13:10:27,Antiques,1,,543,$4.00 ,($0.80),30794WK66S6KRTNSEBQ0VDPQXR,1.99,50%,Female,18-25,GA
11/24/17,13:09:31,Antiques,1,,543,$4.00 ,($0.80),XB0B9H34Q10N4H2HKNKW3NYBRG,1.99,50%,Male,26-35,FL
11/24/17,12:58:55,Vintage Accessories,1,,97,$4.00 ,($0.80),CTAVKSM1SD2QJSRSCAQH56DY64,1.99,50%,Male,36-45,FL
11/24/17,12:56:28,Custom Merchandise,2,Regular,503,$4.00 ,($0.80),3HQRDA7S2D2CYYH4CC7JB1284R,1.99,50%,Female,46-55,NC
11/24/17,11:50:06,Vintage Accessories,2,,385,$4.00 ,($0.80),SWWV2AHGK11TRNA8R8NSFT55F8,1.99,50%,Female,18-25,NC
11/18/17,17:34:58,Vintage Accessories,1,,388,$4.00 ,$0.00 ,1XCECJX6AN0C8QJS0VEENN2M9M,1.99,50%,Female,26-35,NC
11/18/17,13:42:46,Custom Merchandise,2,Regular,503,$4.00 ,$0.00 ,Z06546EGZ960AVBYXH9NJ6KJ80,1.99,50%,Male,46-55,NC
11/11/17,14:20:18,Custom Merchandise,2,Regular,503,$4.00 ,$0.00 ,BRYRA99X2S4ZTPTJFTYA0XTG98,1.99,50%,Male,56-64,NC
11/4/17,14:00:36,Vintage Accessories,1,,97,$4.00 ,$0.00 ,D6Q7X7REVX27ETBKW9TC90VDXW,1.99,50%,Female,18-25,SC
11/3/17,17:16:05,Vintage Accessories,2,,385,$4.00 ,($0.40),S46XXMRN3S2RJX2RXQTBV3V3E0,1.99,50%,Female,36-45,TN
11/3/17,12:53:04,Vintage Accessories,2,,383,$4.00 ,($0.40),VA4W4QT1FH2ZJTGGM76VAR2SCM,1.99,50%,Male,46-55,VA
10/28/17,15:51:27,Vintage Accessories,1,Regular,497,$4.00 ,$0.00 ,TG5BK1D5NS502M7FE2DBXNS4WC,1.99,50%,Male,64+,GA
10/21/17,18:49:20,Vintage Accessories,2,,385,$4.00 ,$0.00 ,WN47EX8SYH5HTGJ05TP0BY9D0W,1.99,50%,Female,26-35,FL
10/14/17,15:52:42,Vintage Accessories,1,,388,$4.00 ,$0.00 ,97E6SM63G51AJK70P80GAQ8F84,1.99,50%,Female,18-25,FL
10/13/17,19:28:27,Vintage Accessories,1,,388,$4.00 ,$0.00 ,48CY3QCCCD36CQB9BTPABPTKV8,1.99,50%,Female,26-35,NC
10/13/17,18:53:53,Vintage Accessories,1,,388,$4.00 ,$0.00 ,8W8TG87AKX7EPNJ5DN4XNQ5XX0,1.99,50%,Male,36-45,NC
10/13/17,18:47:37,Vintage Accessories,2,,383,$4.00 ,$0.00 ,T8GZ40ZY3S5D8TRJE9Q3QS52DW,1.99,50%,Male,18-25,NC
10/12/17,19:44:05,Vintage Accessories,1,,388,$4.00 ,$0.00 ,C2BRXCEV7S68PKCFMR02ZNHSY8,1.99,50%,Female,36-45,NC
10/12/17,19:35:14,Vintage Accessories,1,,365,$4.00 ,$0.00 ,FNNHQEXHQN0Q2Q3EFQCBRMN5JC,1.99,50%,Female,46-55,NC
10/12/17,19:33:23,Vintage Accessories,1,,388,$4.00 ,$0.00 ,YXNQ70BEKD0XCWSCH6K7YX8ZRG,1.99,50%,Female,18-25,NC
7/13/18,18:39:19,Handmade - Stationery,2,,430,$3.98 ,$0.00 ,ADQMDHSZBX1M6J9GK2DN21HQW8,1.99,50%,Female,46-55,NC
3/2/18,19:07:49,Vintage Accessories,1,,138,$3.50 ,($0.35),XXV8STWTPD28RPVAPXDYSH8DDG,1.99,43%,Female,56-64,NC
11/11/17,17:19:14,Antiques,1,Regular,43,$3.50 ,$0.00 ,K7Q73FK77X2TENZPF3JWQKZYKG,1.99,43%,Female,18-25,NC
10/13/17,20:18:55,Vintage Accessories,1,,55,$3.50 ,$0.00 ,WPPTVNFAZN1H4WFHQX6399C1M4,1.99,43%,Male,46-55,SC
10/12/18,19:19:00,Vintage Accessories,1,,389,$3.00 ,($0.45),2TEM37VJ8S2G0KHY57ZY1GJPJC,1.99,34%,Female,64+,VA
10/6/18,14:43:21,Vintage Accessories,1,,389,$3.00 ,$0.00 ,2JAA8XHJB526PMHMYG633AZS44,1.99,34%,Female,26-35,VA
9/27/18,13:12:20,Handmade - Artwork,1,long strand,1654,$3.00 ,$0.00 ,VSH197KTFN70EMDE8EKJ2GASVW,1.99,34%,Female,18-25,GA
9/8/18,15:40:09,Vintage Accessories,1,,738,$3.00 ,($0.60),EAQFQBCRQ13FAP4JDRDD9Q7FER,1.99,34%,Female,26-35,FL
9/1/18,15:22:36,Antiques,1,Regular,1262,$3.00 ,$0.00 ,459KDXPJ5H7P0R1EDJFRBCJ860,1.99,34%,Female,36-45,FL
8/30/18,14:37:43,Vintage Accessories,1,,389,$3.00 ,$0.00 ,SCARHK57ZX5D8TFDXKF89AQ6MG,1.99,34%,Female,46-55,NC
8/25/18,14:16:11,Custom Merchandise,1,Regular,1532,$3.00 ,($0.45),23E7RY6YMN7K2GF60PN1NCHQC4,1.99,34%,Male,18-25,NC
8/18/18,14:20:24,Custom Merchandise,1,Regular,1532,$3.00 ,($0.30),RYCMJWZHBS7DCNG9WDCFMRE3BM,1.99,34%,Female,46-55,NC
7/28/18,13:05:45,Vintage Accessories,1,,738,$3.00 ,$0.00 ,F7NC8938XN6KMQ5DYPPW9TVW8W,1.99,34%,Female,56-64,NC
6/30/18,13:19:39,Vintage Accessories,1,,389,$3.00 ,$0.00 ,174X4SB5CX7KMRXJ1BNCMYC77M,1.99,34%,Female,18-25,SC
6/27/18,17:29:15,Vintage Accessories,1,,389,$3.00 ,$0.00 ,W8HEZ76Y5N7MCGBQK70VF08TR4,1.99,34%,Male,26-35,SC
6/16/18,15:00:06,Vintage Accessories,1,,389,$3.00 ,$0.00 ,J4GAWNJCFS1RAPGRZCPCM6CZMG,1.99,34%,Female,26-35,GA
6/1/18,20:42:59,Vintage Accessories,1,,389,$3.00 ,($0.30),G64GW6X1Q97EWG7PASDK0QHR6R,1.99,34%,Male,18-25,FL
4/28/18,14:13:53,Vintage Accessories,1,,389,$3.00 ,$0.00 ,RSZ2S3J9QD3RYHFT88T9K4FD14,1.99,34%,Male,26-35,FL
4/27/18,16:15:23,Vintage Accessories,1,,389,$3.00 ,$0.00 ,ATQT9XQ2VS01AYJ0T9CFJYYJA4,1.99,34%,Female,36-45,NC
4/14/18,16:31:32,Antiques,1,Regular,818,$3.00 ,($0.30),G6MF3ZDRBD5XAYRDZKHYKHJZC0,1.99,34%,Female,18-25,NC
4/13/18,13:26:50,Handmade - Stationery,1,,430,$3.00 ,($0.45),YM4EZW4RM549GY9360Y7CAR8YR,1.99,34%,Female,26-35,NC
4/7/18,18:08:05,Antiques,1,,117,$3.00 ,$0.00 ,"7C4SQ04NDN7HRH0QV3T4TMRH0C, HG0FVGXSGH3KETGJPAJXJK44B0",1.99,34%,Male,46-55,NC
3/17/18,12:44:28,Handmade - Stationery,1,,430,$3.00 ,$0.00 ,PZHP2Y6H0D5DMWZP84WNHC8QQ8,1.99,34%,Male,18-25,NC
3/10/18,14:51:19,Handmade - Stationery,1,,430,$3.00 ,$0.00 ,NZGT2SJTXD4R0GX759167ZD874,1.99,34%,Female,36-45,NC
3/1/18,12:38:14,Handmade - Stationery,1,,430,$3.00 ,$0.00 ,67SW2GJ6V15EMNQMSWD8HV2MA4,1.99,34%,Male,18-25,NC
3/1/18,12:26:33,Vintage Accessories,1,,389,$3.00 ,$0.00 ,QEG1ANQVV9070SME8VNFZHAJ24,1.99,34%,Female,46-55,SC
2/20/18,15:13:12,Vintage Accessories,1,,69,$3.00 ,$0.00 ,JSVW15DZES7Y0PSTX126WJMQA0,1.99,34%,Female,56-64,SC
2/17/18,16:09:07,Vintage Accessories,1,,738,$3.00 ,$0.00 ,0V27KH31VD1VYHEKAD8GMB88JR,1.99,34%,Female,18-25,VA
2/13/18,18:42:56,Vintage Accessories,1,,435,$3.00 ,($0.45),4ZA5BD0VMD0VCRMT74WM12WQ1G,1.99,34%,Female,26-35,GA
2/8/18,17:26:38,Handmade - Stationary,1,,430,$3.00 ,$0.00 ,NP3AVAPHSX6FGNZSPXT1AN4KQ8,1.99,34%,Female,18-25,GA
1/27/18,17:37:57,Antiques,1,Regular,822,$3.00 ,($0.45),HAZE26WQSH1PJSK5PT1SVVF6GC,1.99,34%,Male,36-45,FL
1/25/18,16:17:04,Antiques,1,Regular,818,$3.00 ,($0.45),YWDQA0P93N7P8N31SV4V0VHJ90,1.99,34%,Male,46-55,FL
1/2/18,14:06:56,Handmade - Artwork,1,,430,$3.00 ,$0.00 ,KQAXWVFXPN4RYZ9VM8ZRE5AJY4,1.99,34%,Female,18-25,NC
12/21/17,14:44:27,Holiday,1,,691,$3.00 ,($0.45),QVXH3W2NKX020R4D5E0ZKG95S8,1.99,34%,Female,26-35,NC
12/21/17,12:40:04,Vintage Accessories,1,,736,$3.00 ,($0.45),4K5R1QG66N7F0GS07NBS7C4H48,1.99,34%,Female,36-45,NC
12/15/17,14:20:10,Holiday,1,,695,$3.00 ,$0.00 ,G8SWKY5MB11NYJD4PF7MNCN28W,1.99,34%,Male,56-64,NC
12/15/17,12:45:05,Antiques,1,,362,$3.00 ,$0.00 ,Z3JP4BHSG52MAWQZPW2ZZXMP90,1.99,34%,Male,18-25,NC
12/12/17,14:29:01,Vintage Accessories,1,,389,$3.00 ,($0.45),DQD29YTBK16CTT7GGHTWQGS7GM,1.99,34%,Female,36-45,SC
12/6/17,12:30:09,Holiday,1,,687,$3.00 ,$0.00 ,0S6XDGECTS21AHC9K05NPEHCGC,1.99,34%,Female,46-55,SC
12/2/17,14:55:18,Antiques,1,,658,$3.00 ,$0.00 ,67BMQXYTP56BGGE3Z86AFHDJ7C,1.99,34%,Female,56-64,TN
12/1/17,20:32:42,Vintage Accessories,1,,389,$3.00 ,($0.30),N3MF3CMSMD1HTNDSRGEX5VVMAR,1.99,34%,Female,64+,VA
11/24/17,18:24:34,Handmade - Artwork,1,,430,$3.00 ,($0.60),G1TA4AGDXN1BJN0DX9P1P1W3EM,1.99,34%,Male,18-25,VA
11/17/17,14:47:31,Vintage Accessories,1,,389,$3.00 ,$0.00 ,NTW85F1T9H3ZMNH725R6HGXN00,1.99,34%,Female,18-25,GA
11/10/17,18:35:55,Vintage Accessories,1,,389,$3.00 ,$0.00 ,M3B3X08DV1460HQGH0KWRCZHPG,1.99,34%,Female,26-35,FL
11/10/17,18:25:52,Handmade - Artwork,1,,430,$3.00 ,$0.00 ,2EGS6FCFJX15MHZH1N18A807NM,1.99,34%,Female,36-45,FL
11/3/17,12:55:11,Vintage Accessories,1,,386,$3.00 ,($0.30),R8ZV0PJKZ9552N3VF42SV033HR,1.99,34%,Male,26-35,NC
10/20/17,17:33:53,Vintage Accessories,1,,384,$3.00 ,$0.00 ,N1N0328F4X3A8H09KJEKBFD4N4,1.99,34%,Female,46-55,NC
10/20/17,17:17:44,Handmade - Artwork,1,,430,$3.00 ,$0.00 ,5V708VX6XS78JKPWV294KRZTYM,1.99,34%,Male,46-55,NC
10/14/17,17:10:39,Antiques,1,,60,$3.00 ,$0.00 ,SYQ7NNX8Q550MR5264EEMT41Z4,1.99,34%,Male,18-25,NC
10/13/17,20:18:55,Vintage Accessories,1,,7,$3.00 ,$0.00 ,KN2P1DH3MX49WSK16EFR7MTYTC,1.99,34%,Female,36-45,NC
10/12/17,19:44:05,Vintage Accessories,1,,389,$3.00 ,$0.00 ,EZCTNJE9ZX0EEVT8B5V3QYTVYR,1.99,34%,Female,46-55,SC
9/18/18,15:18:00,Handmade - Stationery,1,,428,$2.99 ,($0.45),YMHZ0DWT851BEW03AT40ERZ1BM,1.99,33%,Male,18-25,TN
8/18/18,15:17:39,Handmade - Stationery,1,,428,$2.99 ,($0.30),PXEZMQ0X3H10CRZNN3SNGY1FYC,1.99,33%,Female,26-35,VA
8/14/18,13:58:23,Handmade - Stationery,1,,428,$2.99 ,($0.45),H0H8E2PX051SGJ0C9FSC614MM8,1.99,33%,Female,18-25,VA
7/25/18,17:33:03,Handmade - Stationery,1,,429,$2.99 ,($0.45),910P0YS8AH78TXAST4SM6JPRNG,1.99,33%,Female,36-45,GA
7/25/18,17:33:03,Handmade - Stationery,1,,428,$2.99 ,($0.45),6HR77PZAFS6XPPT740RWBAE9SC,1.99,33%,Male,46-55,NC
7/20/18,17:31:09,Handmade - Stationery,1,,428,$2.99 ,$0.00 ,PXPQ15DRGN7NWGXX8R7DFQQ9X0,1.99,33%,Male,56-64,NC
7/13/18,18:39:19,Handmade - Stationery,1,,428,$2.99 ,$0.00 ,8P0Y92VKCD5NYM2SVKC14W0N18,1.99,33%,Female,18-25,NC
11/25/17,12:23:35,Antiques,1,,160,$2.50 ,($0.50),4T7PQQ6MPH0392B5KQ1MHQS6NR,1.99,20%,Female,26-35,SC
10/13/17,15:40:48,None,1,,,$2.50 ,$0.00 ,0WAEBFADR93PTXFT0TWCX3DM40,1.99,20%,Female,36-45,SC
10/12/18,13:29:16,Vintage Accessories,1,,383,$2.00 ,$0.00 ,0XHYWHZJXS7XYVQBXY7AC9HQZW,1.99,1%,Male,46-55,SC
9/29/18,12:47:11,Handmade - Artwork,1,Regular,403,$2.00 ,($0.30),N51QB95J5N4N8Y4WTTT9X3N010,1.99,1%,Female,64+,VA
9/29/18,12:42:39,Handmade - Artwork,1,Regular,403,$2.00 ,$0.00 ,F5HNYYFX3X42CYM7PTDN85VWYR,1.99,1%,Female,18-25,GA
9/27/18,13:12:20,Handmade - Artwork,1,short strand,1041,$2.00 ,$0.00 ,V2TH8PYCPD64WQZB5SZWK3ZPW8,1.99,1%,Male,26-35,FL
9/26/18,17:30:55,Vintage Accessories,1,,383,$2.00 ,($0.30),SZEZPGR9N57ZGRZDE3AD3NSEYG,1.99,1%,Male,36-45,FL
9/22/18,13:44:33,Vintage Accessories,1,,383,$2.00 ,$0.00 ,3VWE0ZS0WS6XYGF6DB15KWBHF4,1.99,1%,Male,18-25,NC
9/22/18,12:30:26,Handmade - Artwork,1,Regular,403,$2.00 ,$0.00 ,YQWTHX7HWX4E4VS5QSB0HHPV8M,1.99,1%,Male,36-45,NC
9/22/18,12:20:28,Vintage Accessories,1,,385,$2.00 ,$0.00 ,3C38J97KDS5CAMYAHSS8XP2A5C,1.99,1%,Female,46-55,NC
9/19/18,14:10:45,Antiques,1,,361,$2.00 ,$0.00 ,HR8E27RFJ50NCVPDRRZB2E3K9M,1.99,1%,Female,56-64,NC
9/18/18,13:00:01,Vintage Accessories,1,,383,$2.00 ,$0.00 ,VDHZRV8H0D016TEGHAY55X1AEG,1.99,1%,Female,18-25,NC
9/13/18,16:03:36,Custom Merchandise,1,gray,1024,$2.00 ,($0.30),STHRED6381094JBR0MYM5CEJCG,1.99,1%,Female,26-35,NC
9/8/18,14:40:44,Vintage Accessories,1,,383,$2.00 ,($0.20),XMSACP7R2D0RTN105F16X0HM8C,1.99,1%,Female,56-64,SC
9/7/18,15:53:59,Vintage Accessories,1,,383,$2.00 ,$0.00 ,3EFH5V6D51634SNSFQQBFDQ18G,1.99,1%,Female,18-25,TN
9/1/18,13:47:48,Vintage Accessories,1,,383,$2.00 ,$0.00 ,3DR8WNREYH0T4JGDSK419EYE38,1.99,1%,Male,18-25,VA
9/1/18,13:25:12,Vintage Accessories,1,,383,$2.00 ,$0.00 ,MA0FJZ8YTS2CPP04VAG5JF62AW,1.99,1%,Female,36-45,GA
8/31/18,14:02:33,Vintage Accessories,1,,383,$2.00 ,$0.00 ,35E14FMP11286GRKDK7VZ1Z868,1.99,1%,Female,18-25,GA
8/31/18,13:47:14,Handmade - Artwork,1,Regular,403,$2.00 ,$0.00 ,Q3RF8MQFY10Z6SMQ8YJQMPE5S8,1.99,1%,Female,26-35,GA
8/25/18,13:41:21,Handmade - Artwork,1,Regular,403,$2.00 ,($0.30),W809313FEH38MHR3R7CS8FFEB0,1.99,1%,Female,36-45,GA
8/25/18,13:40:07,Handmade - Artwork,1,Regular,403,$2.00 ,($0.30),DA4SC2B0VS5RB9B2CMBAW4G3QC,1.99,1%,Male,46-55,FL
8/17/18,13:33:44,Vintage Accessories,1,,383,$2.00 ,$0.00 ,N1YPJ8CF614MJJHWERANGGPST4,1.99,1%,Male,18-25,FL
8/14/18,13:14:46,Handmade - Artwork,1,Regular,403,$2.00 ,$0.00 ,0KYSQ8RY8D1FJM2G9BJ5F81DWM,1.99,1%,Male,26-35,NC
8/14/18,13:03:02,Handmade - Artwork,1,Regular,403,$2.00 ,($0.30),0RY757X19S2RJR2EBWH70QHYWW,1.99,1%,Female,46-55,NC
8/11/18,15:05:14,Vintage Accessories,1,,383,$2.00 ,$0.00 ,B7QTJ7GYG90EWZ3PDYJ1863014,1.99,1%,Male,26-35,NC
8/11/18,14:16:07,Custom Merchandise,2,white,503,$2.00 ,$0.00 ,2P00VV4G4N0Q6RC6Z24QN0H6T4,1.99,1%,Male,36-45,SC
8/3/18,19:05:37,Vintage Accessories,1,,383,$2.00 ,($0.20),QJ2RF1W6BS7CCG37KQGF5MJ440,1.99,1%,Female,18-25,VA
8/1/18,13:26:25,Antiques,1,,361,$2.00 ,$0.00 ,QVKHRAA3XX6VPNJN6EAEYQE5QW,1.99,1%,Male,26-35,VA
7/28/18,15:40:26,Custom Merchandise,1,gray,1024,$2.00 ,$0.00 ,ZSBE0ANG892FJHX2SBC4P5DGVC,1.99,1%,Male,36-45,NC
7/28/18,12:33:14,Handmade - Artwork,1,Regular,403,$2.00 ,$0.00 ,", WE2FAG7J5D038KP3XYQZEJKEC0",1.99,1%,Male,46-55,NC
7/27/18,16:07:00,Vintage Accessories,1,,383,$2.00 ,$0.00 ,E6MT17SB0X0YWH1AVVJ9P9ZSB8,1.99,1%,Male,18-25,NC
7/27/18,12:43:49,Handmade - Artwork,1,Regular,403,$2.00 ,$0.00 ,Z00S2BYABX4VAHQ9777X2P1WAG,1.99,1%,Female,36-45,NC
7/25/18,12:29:11,Handmade - Artwork,1,Regular,403,$2.00 ,$0.00 ,ZWNVAJR94H2T4JAYDSQVQE0KM4,1.99,1%,Female,46-55,NC
7/20/18,17:31:09,Custom Merchandise,1,gray,1024,$2.00 ,$0.00 ,NV8DTGTEGH7DGNVN4ZDV0GHQ4M,1.99,1%,Male,26-35,NC
7/17/18,13:16:59,Vintage Accessories,1,,383,$2.00 ,$0.00 ,4BDMMG3VZH26GZKK6T7EWTGZEC,1.99,1%,Female,56-64,SC
7/13/18,16:06:34,Handmade - Artwork,1,Regular,403,$2.00 ,$0.00 ,6RS8TKVVE10VMYD4AB7H58YP4W,1.99,1%,Female,64+,SC
7/11/18,17:17:32,Custom Merchandise,1,gray,1024,$2.00 ,$0.00 ,D9GX5DZNZ53PGXK4BV5C1Z30TG,1.99,1%,Male,18-25,SC
7/11/18,17:17:32,Handmade - Artwork,1,Regular,403,$2.00 ,$0.00 ,D8A2EPWY4504TWS30J9G5EYFR8,1.99,1%,Female,36-45,VA
7/7/18,17:07:46,Handmade - Artwork,1,Regular,403,$2.00 ,($0.30),CN07EPGS15798NZ8ZW5YD1CN5W,1.99,1%,Female,18-25,GA
7/7/18,17:07:03,Handmade - Artwork,1,Regular,403,$2.00 ,$0.00 ,D733FAJMKN70PG83M03EX21PAM,1.99,1%,Male,26-35,GA
7/7/18,14:40:02,Vintage Accessories,1,,383,$2.00 ,$0.00 ,J5VVXZAGQN5QATFZ030TAG8HBW,1.99,1%,Male,36-45,GA
7/7/18,13:09:41,Custom Merchandise,1,gray,1024,$2.00 ,$0.00 ,5E1T2YS0GN0G4TVXSVJ1HVCXJC,1.99,1%,Male,46-55,GA
7/6/18,19:42:40,Handmade - Artwork,1,Regular,403,$2.00 ,($0.30),QA2S8AA6Q50YMMP8F804TKQK50,1.99,1%,Female,26-35,FL
7/5/18,16:23:47,Vintage Accessories,1,,385,$2.00 ,$0.00 ,E0W0BE2SM14WPMPA4RASASZZZ0,1.99,1%,Female,36-45,NC
7/5/18,15:53:59,Vintage Accessories,1,,383,$2.00 ,$0.00 ,275TTTQRQ121TYRJC50N33GN58,1.99,1%,Female,46-55,NC
7/4/18,16:32:31,Custom Merchandise,1,white,503,$2.00 ,$0.00 ,BSZE5FTH494R8ZQTBN4JM0DQY8,1.99,1%,Male,56-64,NC
7/4/18,16:11:51,Handmade - Artwork,1,Regular,403,$2.00 ,$0.00 ,78YARMG90D11RHVFYSYV04TCR8,1.99,1%,Female,26-35,NC
6/30/18,15:31:52,Vintage Accessories,1,,383,$2.00 ,($0.30),53W804Q9JN05TNTMS6A27M2SGR,1.99,1%,Female,56-64,SC
6/27/18,17:23:02,Handmade - Artwork,1,Regular,403,$2.00 ,$0.00 ,PB8N9DB88N452H2W6VK0P31XC0,1.99,1%,Male,64+,SC
6/23/18,13:38:48,Antiques,1,,361,$2.00 ,$0.00 ,VDZ72HNME57NTSRS81TTXEASW4,1.99,1%,Female,26-35,VA
6/23/18,12:12:50,Handmade - Artwork,1,Regular,403,$2.00 ,($0.20),MG3FBPSR611MWH961F7KE7S8AC,1.99,1%,Female,18-25,VA
6/21/18,15:07:52,Custom Merchandise,1,white,503,$2.00 ,$0.00 ,PFHDK32VQH0AEJ69AWKEAJEPVW,1.99,1%,Female,36-45,GA
6/21/18,13:35:10,Handmade - Artwork,1,Regular,403,$2.00 ,$0.00 ,N4FMMDKDN9530YCSYTWHPEB2HC,1.99,1%,Male,36-45,NC
6/16/18,18:28:27,Handmade - Artwork,1,Regular,403,$2.00 ,($0.30),YHYJK4N3NH560S707R17SMX7SW,1.99,1%,Female,46-55,NC
6/16/18,17:44:57,Custom Merchandise,1,gray,1024,$2.00 ,($0.30),6RJWA5J2CD0D8JDE4B94R4FJCR,1.99,1%,Female,18-25,NC
6/16/18,17:44:57,Handmade - Artwork,1,Regular,403,$2.00 ,($0.30),ZBRTR670BS5P4WR0WJE4R16PP8,1.99,1%,Female,18-25,NC
6/16/18,15:56:18,Vintage Accessories,1,,385,$2.00 ,$0.00 ,NMBSDCPJ5D30AN021Y6ABW8SCG,1.99,1%,Female,26-35,NC
6/12/18,14:03:57,Vintage Accessories,1,,383,$2.00 ,$0.00 ,5E6PWK1GZN1ERRJRK8FRRA7ST4,1.99,1%,Female,36-45,NC
6/8/18,17:33:53,Vintage Accessories,1,,383,$2.00 ,$0.00 ,377795AVE90CJXG4926B3GZBTR,1.99,1%,Female,46-55,NC
6/6/18,15:32:29,Vintage Accessories,1,,383,$2.00 ,$0.00 ,B9MSR1JJEH3HYNYBDDDNVVQSBW,1.99,1%,Male,56-64,NC
6/2/18,16:23:56,Vintage Accessories,1,,383,$2.00 ,$0.00 ,6NK1N4B4914NPVFPD4RD13MEW8,1.99,1%,Male,64+,SC
6/1/18,20:25:20,Vintage Accessories,1,,383,$2.00 ,($0.20),D8Z9T2G2HD2HYTG190NTW3GTEC,1.99,1%,Female,18-25,SC
5/30/18,12:38:26,Antiques,1,,361,$2.00 ,$0.00 ,42E29BEQ3X3XCH7GCEA3X34FXC,1.99,1%,Female,26-35,SC
5/26/18,18:34:33,Vintage Accessories,1,,385,$2.00 ,$0.00 ,4VGX7828E568MQE5KAYPESYHDW,1.99,1%,Male,26-35,GA
5/22/18,16:11:33,Custom Merchandise,1,gray,1024,$2.00 ,($0.30),81RQGJ4E1N71WWE0HDRF9AE3K4,1.99,1%,Female,46-55,GA
5/19/18,14:40:24,Vintage Accessories,1,,383,$2.00 ,$0.00 ,KRQEQ5QP5X3EGY76SE75XH7NX0,1.99,1%,Female,18-25,GA
5/18/18,17:03:19,Vintage Accessories,1,,383,$2.00 ,$0.00 ,EJ1P330RT173EZ9AKDQBZ086S0,1.99,1%,Female,26-35,FL
5/15/18,15:20:46,Vintage Accessories,1,,383,$2.00 ,$0.00 ,AP8NE6X0C51XAQ1XNFNCDR7SJ8,1.99,1%,Male,36-45,FL
5/11/18,12:37:48,Vintage Accessories,1,,383,$2.00 ,$0.00 ,JKR4568B7S648JYBX1VQTR88RC,1.99,1%,Female,18-25,NC
5/5/18,17:44:50,Custom Merchandise,1,white,503,$2.00 ,($0.30),NESJWP12GS59CZMXEHJ9CC8K7R,1.99,1%,Male,36-45,NC
5/2/18,16:01:46,Vintage Accessories,1,,383,$2.00 ,$0.00 ,JF24HYNA751Q0G3WW93DEY33J8,1.99,1%,Male,46-55,SC
4/28/18,14:13:53,Vintage Accessories,1,,385,$2.00 ,$0.00 ,DJKZFM47M14M4ZTG3BDGFJT52W,1.99,1%,Female,56-64,SC
4/24/18,13:09:59,Vintage Accessories,1,,383,$2.00 ,$0.00 ,W3KTREY1JD2J8TNK9KANB56SP8,1.99,1%,Female,64+,SC
4/13/18,14:27:02,Custom Merchandise,1,white,503,$2.00 ,$0.00 ,SVPK2161AS12PSKRBJYSX39RA4,1.99,1%,Female,18-25,TN
4/10/18,16:35:01,Vintage Accessories,1,,383,$2.00 ,$0.00 ,217GV1E6M55M6TP5AS4VDBS958,1.99,1%,Female,26-35,VA
4/7/18,16:41:36,Vintage Accessories,1,,383,$2.00 ,$0.00 ,RK9266Y5FX13AP67QSAYHPFK68,1.99,1%,Male,18-25,VA
4/7/18,13:35:12,Vintage Accessories,1,,383,$2.00 ,$0.00 ,7H4DCG0F2H6TJK6P91FHWC51GM,1.99,1%,Female,18-25,FL
4/6/18,20:19:02,Vintage Accessories,1,,383,$2.00 ,($0.20),B6VWK079S12RGGAVK7KYH5Y1B8,1.99,1%,Female,26-35,FL
4/6/18,19:45:15,Vintage Accessories,1,,383,$2.00 ,($0.20),VNTDH0BB491FGYHDRWJ8655G30,1.99,1%,Male,18-25,NC
4/6/18,19:43:55,Vintage Accessories,1,,383,$2.00 ,($0.20),V7A3V4ZG7H56MZP35RTT5500W4,1.99,1%,Male,26-35,NC
4/6/18,13:13:37,Vintage Accessories,1,,383,$2.00 ,$0.00 ,7S2QXG782S71MKQGCWZ19CZSF8,1.99,1%,Female,56-64,NC
4/3/18,16:47:00,Vintage Accessories,1,,383,$2.00 ,$0.00 ,9T9805P64H30CXHPYX5VNTGRAC,1.99,1%,Female,18-25,NC
3/31/18,13:50:35,Custom Merchandise,1,white,503,$2.00 ,$0.00 ,BJMM4WV64N704KPXPPP1MNSYM0,1.99,1%,Male,26-35,NC
3/28/18,16:20:16,Custom Merchandise,1,gray,1024,$2.00 ,$0.00 ,VHV0ZVCSDD1NPZQ9DXD94PNHN4,1.99,1%,Male,36-45,NC
3/23/18,17:16:23,Vintage Accessories,1,,383,$2.00 ,($0.30),9EB2Z3A9CX68MPM7EN902SMX10,1.99,1%,Female,46-55,NC
3/20/18,14:26:57,Custom Merchandise,1,Regular,503,$2.00 ,$0.00 ,57P3Y92G0S380PJ6NBQS14ZHAR,1.99,1%,Female,56-64,NC
3/17/18,16:38:29,Vintage Accessories,1,,385,$2.00 ,$0.00 ,XXY7TB458S3AGVEHSPRHDAZ818,1.99,1%,Female,36-45,VA
3/17/18,12:45:47,Custom Merchandise,1,Regular,503,$2.00 ,$0.00 ,691EZ9FG2D3BAWB1R0Y71SC5Y8,1.99,1%,Female,26-35,GA
3/10/18,17:46:55,Vintage Accessories,1,,383,$2.00 ,$0.00 ,SP13R6YT4D4Q4MVCMSVJNZF6FW,1.99,1%,Male,26-35,NC
3/3/18,15:03:03,Vintage Accessories,1,,383,$2.00 ,$0.00 ,W1K7YY62E91E8H404ZJMSPXDJG,1.99,1%,Female,46-55,NC
3/2/18,17:05:16,Vintage Accessories,1,,383,$2.00 ,($0.20),SH2AVYGXHX4GJYET4JVEBR919G,1.99,1%,Male,18-25,SC
2/23/18,16:25:37,Vintage Accessories,1,,383,$2.00 ,$0.00 ,X0FSHPS14N57YNTKK52F07XEW8,1.99,1%,Male,18-25,VA
2/22/18,16:48:24,Custom Merchandise,1,Regular,503,$2.00 ,($0.30),776X8YA6793ZJY98QYY7KPPFC0,1.99,1%,Female,26-35,VA
2/22/18,16:47:29,Custom Merchandise,1,Regular,503,$2.00 ,($0.30),6Q7FC15EM951CZS63FCEJW9CTW,1.99,1%,Female,18-25,GA
2/21/18,21:10:55,Vintage Accessories,1,,383,$2.00 ,($0.40),YPY5DVJ3TS45TT5JW1MHKBCDP8,1.99,1%,Female,26-35,FL
2/21/18,13:25:04,Handmade - Artwork,1,Regular,403,$2.00 ,$0.00 ,Y3E06D4A0S0FTHPYHG2Q418XQ4,1.99,1%,Male,46-55,NC
2/20/18,15:13:12,Handmade - Artwork,1,Regular,403,$2.00 ,$0.00 ,T7575BS2JH56PPBRZ2BWR765C4,1.99,1%,Female,26-35,NC
2/20/18,14:15:36,Handmade - Artwork,1,Regular,403,$2.00 ,$0.00 ,M4DRZR2KZX4RTXPSY0N18NVCB4,1.99,1%,Female,46-55,NC
2/17/18,16:09:07,Vintage Accessories,1,,385,$2.00 ,$0.00 ,X665K46T454QTM5N4Y77EF1M14,1.99,1%,Female,36-45,NC
2/17/18,14:02:25,Vintage Accessories,1,,385,$2.00 ,$0.00 ,X9ZC3CQWA56JTHRYPWGX7NT55C,1.99,1%,Female,56-64,NC
2/13/18,18:42:56,Vintage Accessories,1,,383,$2.00 ,($0.30),Q74J5K45WH7S2TWVXBG309EDBR,1.99,1%,Male,18-25,SC
2/13/18,13:37:32,Vintage Accessories,1,,385,$2.00 ,$0.00 ,Y883G45DSH54WT56MMC6JWNHYW,1.99,1%,Female,26-35,TN
2/8/18,17:26:38,Vintage Accessories,1,,385,$2.00 ,$0.00 ,QZS5HXK8351Z8NQT7XGGXHFVH0,1.99,1%,Female,18-25,VA
2/6/18,14:04:16,Vintage Accessories,1,,383,$2.00 ,$0.00 ,9T9SSDH3KD2JPZ9PCZVWCDGPAG,1.99,1%,Male,26-35,VA
2/3/18,17:35:05,Handmade - Artwork,1,Regular,403,$2.00 ,$0.00 ,34P6B539AN4ZTJ5F3N4ES197NM,1.99,1%,Female,18-25,GA
2/2/18,13:50:27,Custom Merchandise,1,Regular,503,$2.00 ,($0.30),PP2WFQDT6D376RJTP9B6M4YR0R,1.99,1%,Female,26-35,GA
1/30/18,16:30:09,Custom Merchandise,1,Regular,503,$2.00 ,($0.30),77XEB7VX456HTZCVYFYANBCWJW,1.99,1%,Male,46-55,FL
1/30/18,16:28:49,Custom Merchandise,1,Regular,503,$2.00 ,$0.00 ,V5QRRJZF5N02JX7GWNWTT0NKYC,1.99,1%,Male,56-64,NC
1/30/18,16:28:49,Handmade - Artwork,1,Regular,403,$2.00 ,$0.00 ,HZ5W8HWRG11TJXR20Y72NDZNX8,1.99,1%,Female,46-55,NC
1/23/18,12:59:29,Custom Merchandise,1,Regular,503,$2.00 ,($0.30),GJWYZCTCAS0W1ENM7PX395XT5C,1.99,1%,Male,56-64,NC
1/20/18,14:42:57,Vintage Accessories,1,,383,$2.00 ,$0.00 ,GB8929GY990NTQ5SXSQ01ZJNKC,1.99,1%,Male,64+,SC
1/19/18,14:39:57,Handmade - Artwork,1,Regular,403,$2.00 ,($0.30),E3MCC5RNSN7BEM8RDF6W4BWAMG,1.99,1%,Male,18-25,SC
1/16/18,13:22:16,Antiques,1,,361,$2.00 ,($0.30),94Y4DYX86S1SGTHHNH4RDCFR6R,1.99,1%,Female,26-35,SC
1/13/18,16:17:17,Custom Merchandise,1,Regular,503,$2.00 ,$0.00 ,FH7ZR7VQ6X2PPPKPFVWWBCHGZ8,1.99,1%,Female,26-35,VA
1/13/18,15:59:10,Vintage Accessories,1,,383,$2.00 ,$0.00 ,P4PVM433S1638NYXV5SN41RWPW,1.99,1%,Female,46-55,FL
1/13/18,14:05:40,Custom Merchandise,1,Regular,503,$2.00 ,($0.30),6RY0NX5HKS4R0JZ3B124F10BYM,1.99,1%,Female,18-25,NC
1/13/18,14:03:07,Vintage Accessories,1,,383,$2.00 ,($0.30),4XPPX4PKAH344QW5PN4B1HDK6G,1.99,1%,Female,18-25,NC
1/6/18,15:07:21,Custom Merchandise,1,Regular,503,$2.00 ,$0.00 ,FZ13CF83RD5TCMMQH7PXNC7MPM,1.99,1%,Female,26-35,NC
1/6/18,14:04:05,Vintage Accessories,1,,383,$2.00 ,$0.00 ,A0V3DJTFXS6M0M2QFEKR9Y7DWR,1.99,1%,Female,36-45,NC
12/30/17,18:08:58,Vintage Accessories,1,,385,$2.00 ,($0.50),940RTW4H613Y6Y1HQN8J3DPP9R,1.99,1%,Male,46-55,NC
12/30/17,16:06:11,Custom Merchandise,1,Regular,503,$2.00 ,$0.00 ,0B2VZ89559560GZT3W0RF4TGH0,1.99,1%,Male,56-64,NC
12/30/17,15:31:33,Custom Merchandise,1,Regular,503,$2.00 ,$0.00 ,216ZD5Q5854GPPPNH3VW43KP3R,1.99,1%,Female,18-25,SC
12/30/17,15:05:13,Vintage Accessories,1,,385,$2.00 ,$0.00 ,FHBMCHNDS514EGAPWV3KBED2B8,1.99,1%,Female,26-35,SC
12/30/17,12:16:28,Vintage Accessories,1,,383,$2.00 ,($0.50),XGRB6KZGFH6W6WZ62T6G4QBQJ4,1.99,1%,Male,36-45,TN
12/29/17,18:52:12,Handmade - Artwork,1,Regular,403,$2.00 ,$0.00 ,RW570FWNNX13WGHBNRVPEPVAN0,1.99,1%,Female,26-35,VA
12/29/17,18:52:12,Custom Merchandise,1,Regular,503,$2.00 ,$0.00 ,YH9W2ZC4R57R0X1GYZ92M2MJRW,1.99,1%,Female,36-45,VA
12/29/17,16:41:33,Vintage Accessories,1,,383,$2.00 ,$0.00 ,H33S5RMK8S1SGMDG7QH3TDN79M,1.99,1%,Female,46-55,GA
12/26/17,15:57:47,Handmade - Artwork,1,Regular,403,$2.00 ,$0.00 ,0F3NT5NY893QTRJNSYB1G7KM8M,1.99,1%,Male,26-35,GA
12/23/17,14:26:51,Custom Merchandise,1,Regular,503,$2.00 ,($0.30),V7639071D9796M42NXVDWWXYX4,1.99,1%,Female,26-35,NC
12/23/17,14:03:17,Custom Merchandise,1,Regular,503,$2.00 ,($0.30),SSQN5C12HH7QCPDN6G0NW963G4,1.99,1%,Male,46-55,NC
12/23/17,13:32:29,Vintage Accessories,1,,385,$2.00 ,($0.30),6S7YCGM8V50N2Z7YCY0Z7R2BWC,1.99,1%,Female,18-25,SC
12/22/17,16:19:05,Custom Merchandise,1,Regular,503,$2.00 ,($0.30),FZZ7Y1ZQSN08RW0CA2KYXKSCD8,1.99,1%,Female,26-35,SC
12/22/17,14:27:53,Vintage Accessories,1,,385,$2.00 ,($0.30),YZKMCGNZ0S25AXZ0YV9XY065D0,1.99,1%,Female,18-25,SC
12/22/17,14:16:56,Vintage Accessories,1,,383,$2.00 ,($0.30),S817MR8A593RCZA7C36EFDP9QM,1.99,1%,Male,26-35,TN
12/21/17,15:46:37,Custom Merchandise,1,Regular,503,$2.00 ,($0.30),D6S30BS2092NPYZ1J8JB57W75G,1.99,1%,Male,36-45,VA
12/21/17,13:02:08,Vintage Accessories,1,,385,$2.00 ,($0.30),GX731EKSPN3EYMYW52J0H60T1R,1.99,1%,Female,18-25,VA
12/21/17,12:57:42,Vintage Accessories,1,,385,$2.00 ,($0.30),K8WGMAQS1N4F6HJBMHAEAGVS2C,1.99,1%,Female,26-35,GA
12/14/17,16:04:01,Vintage Accessories,1,,383,$2.00 ,$0.00 ,JBD1WVNN0N2Q2RTJ80MRH6VDM8,1.99,1%,Female,36-45,GA
12/13/17,12:24:33,Vintage Accessories,1,,383,$2.00 ,($0.30),2RMJBG1JKS7FAR23AC0DXACY64,1.99,1%,Male,18-25,FL
12/12/17,14:29:01,Vintage Accessories,1,,383,$2.00 ,($0.30),9SHE08WV892YPM2KSEE0RW27SM,1.99,1%,Male,26-35,NC
12/9/17,14:44:24,Custom Merchandise,1,Regular,503,$2.00 ,$0.00 ,GEKSPQ7JPD4K2R5T1GFM8JHA2G,1.99,1%,Male,26-35,NC
12/7/17,13:54:01,Vintage Accessories,1,Regular,717,$2.00 ,$0.00 ,FXHZR0DTSD4HERJGWF4RMZBBE4,1.99,1%,Male,46-55,NC
12/2/17,16:53:16,Vintage Accessories,1,,383,$2.00 ,($0.30),MQN3HPJB350G0JKHNN7HHY7JAM,1.99,1%,Female,64+,NC
12/2/17,16:46:53,Handmade - Artwork,1,Regular,403,$2.00 ,$0.00 ,B68NSKV88S73TMH4EY1R6G0CTC,1.99,1%,Female,26-35,NC
12/2/17,14:55:18,Antiques,1,,657,$2.00 ,$0.00 ,00MCJME7X55FRQPAX0ZFX09DK8,1.99,1%,Male,18-25,SC
12/2/17,12:10:24,Custom Merchandise,1,Regular,503,$2.00 ,$0.00 ,T7E0Y5WN4D2STRCAK362994GDG,1.99,1%,Male,26-35,SC
12/1/17,20:53:51,Vintage Accessories,1,,383,$2.00 ,($0.20),5J1XBK865111AHTC9TZNS3YQEW,1.99,1%,Female,18-25,TN
12/1/17,20:29:50,Vintage Accessories,1,,385,$2.00 ,($0.20),VMVSN25FE12KMQS5G4W57167FW,1.99,1%,Female,36-45,VA
12/1/17,20:08:33,Vintage Accessories,1,,383,$2.00 ,($0.20),P27F0XRZR93VJZCFAEEGHFZJNW,1.99,1%,Female,26-35,GA
12/1/17,19:32:41,Vintage Accessories,1,,383,$2.00 ,($0.20),R85C8MK66H0W0QJBT87X4C7PNC,1.99,1%,Female,36-45,GA
12/1/17,19:23:22,Vintage Accessories,1,,385,$2.00 ,($0.20),86NSKJFM1D7XEQXCTGDWSXSEX8,1.99,1%,Female,26-35,SC
12/1/17,18:21:37,Vintage Accessories,1,,385,$2.00 ,($0.20),EENCJHQJEH0Z2NTJ1WF7QR4ZH4,1.99,1%,Female,36-45,TN
11/29/17,14:47:53,Vintage Accessories,1,,383,$2.00 ,$0.00 ,0ZZNJVYMAD6NWW45A75RNDC4ZG,1.99,1%,Female,18-25,FL
11/28/17,22:09:06,Antiques,1,,657,$2.00 ,($0.40),DGAYHP0NAS7V6TD9KFEC4AQNHR,1.99,1%,Female,46-55,NC
11/25/17,13:02:54,Vintage Accessories,1,,385,$2.00 ,($0.40),N3X69FR1JS7XYNMP0G5JE2NPSW,1.99,1%,Male,56-64,NC
11/25/17,12:40:44,Vintage Accessories,1,,385,$2.00 ,($0.40),CAQ72TFSYN76YW8SB2XPHCTA74,1.99,1%,Male,18-25,NC
11/25/17,11:36:18,Vintage Accessories,1,,385,$2.00 ,($0.40),JMDAA29MX10D4PDCKT583XVSJ4,1.99,1%,Male,26-35,NC
11/24/17,14:58:45,Antiques,1,,361,$2.00 ,($0.40),GD7JBG2GKS1EGHD5XY870BF9X0,1.99,1%,Female,36-45,NC
11/24/17,11:50:06,Custom Merchandise,1,Regular,503,$2.00 ,($0.40),W13TZ4CKV96M4NPDAXXBJP7Q4C,1.99,1%,Female,46-55,NC
11/18/17,16:36:33,Vintage Accessories,1,,383,$2.00 ,($0.30),7E4DS59JT540AX0N86G0CG56B0,1.99,1%,Female,64+,NC
11/18/17,14:48:51,Vintage Accessories,1,,383,$2.00 ,$0.00 ,6RFFBDR45S4GWXK7TSEPYPKEM4,1.99,1%,Male,18-25,NC
11/18/17,14:07:37,Vintage Accessories,1,,385,$2.00 ,$0.00 ,7ZDBJH1EKX2ZGX3CC5NVX4ETNW,1.99,1%,Male,26-35,NC
11/18/17,13:23:49,Custom Merchandise,1,Regular,503,$2.00 ,$0.00 ,85QAMCTQX50CCM9E2SS4N3P30M,1.99,1%,Female,36-45,SC
11/17/17,14:47:31,Vintage Accessories,1,,383,$2.00 ,$0.00 ,4RM5JTGRJD2CRJ8WBR1P7B4V7G,1.99,1%,Male,56-64,GA
11/14/17,16:01:31,Custom Merchandise,1,Regular,503,$2.00 ,$0.00 ,YMQRZ7DFF134WVHHS1A770ERVC,1.99,1%,Male,18-25,FL
11/14/17,14:55:49,Custom Merchandise,1,Regular,503,$2.00 ,$0.00 ,4M5HH514BH3F8HGDBQMJWZK1Z8,1.99,1%,Female,36-45,NC
11/11/17,17:19:14,Custom Merchandise,1,Regular,503,$2.00 ,$0.00 ,YNC50CD41N3WYGZBB2Y38243XC,1.99,1%,Female,56-64,NC
11/11/17,13:02:03,Handmade - Artwork,1,Regular,403,$2.00 ,$0.00 ,18KRWFE6XN5QPXA6AQK7Q35FS0,1.99,1%,Male,64+,NC
11/11/17,12:43:04,Vintage Accessories,1,,385,$2.00 ,($0.30),JZB2BA6SND7A0MRHVWN88097BG,1.99,1%,Female,26-35,NC
11/11/17,12:40:22,Vintage Accessories,1,,383,$2.00 ,$0.00 ,YFDAG919YD0K6J7VQF97D68FY0,1.99,1%,Female,36-45,SC
11/10/17,18:35:55,Vintage Accessories,1,,383,$2.00 ,$0.00 ,V5TP0BYEV929AGVTTQKXCNRM1C,1.99,1%,Female,36-45,VA
11/10/17,18:25:52,Handmade - Artwork,1,Regular,403,$2.00 ,$0.00 ,AT3NCFRDQD6AWZKGM8QFFSQJER,1.99,1%,Female,26-35,FL
11/4/17,16:26:51,Vintage Accessories,1,,385,$2.00 ,$0.00 ,SD61D1DJ6D3DRRQM3T7H82CFFG,1.99,1%,Male,36-45,FL
11/3/17,19:48:54,Vintage Accessories,1,,383,$2.00 ,($0.20),BQEWX6S7W13G2TK1BM6SGGBMY8,1.99,1%,Male,46-55,NC
11/3/17,12:53:04,Handmade - Artwork,1,Regular,403,$2.00 ,($0.20),XK5E7ZWRW513MMFZ7E239YE3Q0,1.99,1%,Female,18-25,NC
11/3/17,12:33:36,Vintage Accessories,1,,383,$2.00 ,$0.00 ,PBNHX3ZGSS242Z9QKNS2XYDJM0,1.99,1%,Female,26-35,NC
11/3/17,12:20:21,Handmade - Artwork,1,Regular,403,$2.00 ,$0.00 ,B90AM3Y0C9536G3BXVRJW9ZC7M,1.99,1%,Male,56-64,NC
11/2/17,17:24:36,Handmade - Artwork,1,Regular,403,$2.00 ,$0.00 ,0Y2MZY7B5H4GWVHEMQPGCB9YRC,1.99,1%,Female,18-25,NC
10/28/17,17:25:57,Vintage Accessories,1,,385,$2.00 ,$0.00 ,1GRKT38T8X2K4VH074S4BTXKW4,1.99,1%,Female,18-25,NC
10/28/17,15:31:55,Handmade - Artwork,1,Regular,403,$2.00 ,$0.00 ,D42XKEK09S52RH682ZWHBCE4Q8,1.99,1%,Female,26-35,NC
10/28/17,12:56:50,Handmade - Artwork,1,Regular,403,$2.00 ,$0.00 ,NCPA0FSJJS3GAV7TT0BJCARZSR,1.99,1%,Male,18-25,SC
10/25/17,12:50:04,Handmade - Artwork,1,Regular,403,$2.00 ,$0.00 ,MSWK220WJN2Y2Z7RMDK16BZP4G,1.99,1%,Female,26-35,SC
10/20/17,17:33:53,Vintage Accessories,1,,383,$2.00 ,$0.00 ,BYKJ09MM951CGSTH6DC7ZEMJJ8,1.99,1%,Female,36-45,TN
10/19/17,17:11:21,Vintage Accessories,1,,383,$2.00 ,$0.00 ,WRBY76XS59300SK0CE86V4471W,1.99,1%,Male,36-45,GA
10/12/18,19:32:54,Handmade - Stationery,1,,430,$1.99 ,$0.00 ,MW4J0QFEF564ERJX98Y0Y6E6FR,1.99,0%,Female,18-25,GA
10/12/18,15:42:23,Handmade - Stationery,1,,430,$1.99 ,$0.00 ,6DMCN76WFS7C8Z5YYT2XR9EFCM,1.99,0%,Female,26-35,NC
7/25/18,17:33:03,Handmade - Stationery,1,,430,$1.99 ,($0.30),YSD0FMXTE11KTQ5PEG190VKPF4,1.99,0%,Female,18-25,NC
6/16/18,14:26:50,Handmade - Stationery,1,,430,$1.99 ,($0.30),P38FYFK5WX6RGHPAP1P1BK9Q44,1.99,0%,Male,26-35,SC
6/16/18,13:19:57,Handmade - Stationery,1,,430,$1.99 ,($0.30),SRR66PZB6X07WZQ2VJV3M61NC0,1.99,0%,Male,36-45,SC
6/2/18,18:11:00,Handmade - Stationery,1,,430,$1.99 ,$0.00 ,TNH3H9V5Z97ARRE73Z7FN92TPC,1.99,0%,Female,18-25,SC
5/26/18,12:28:40,Handmade - Stationery,1,,430,$1.99 ,$0.00 ,D9QMFA9ET146GSW6VCZ5VYTZ4W,1.99,0%,Female,26-35,TN
1/13/18,14:03:07,Antiques,3,,374,$1.50 ,($0.22),7ZM58K0EXN1C0MT6W7MYPRA93G,1.99,-33%,Female,36-45,VA
9/26/18,17:31:48,Custom Merchandise,1,white,503,$1.00 ,($0.15),7V4XNPQ2NH0A8MWNP4C8EKKTQC,1.99,-99%,Male,18-25,GA
9/22/18,17:06:56,Custom Merchandise,1,white,503,$1.00 ,($0.15),QT3YB8PX9H290MT3TZSS2G3GE4,1.99,-99%,Male,26-35,GA
9/13/18,16:02:22,Custom Merchandise,1,white,503,$1.00 ,($0.15),8KZ6BDZA2929GVZWAFFYDPJPBW,1.99,-99%,Female,46-55,FL
8/18/18,15:27:26,Custom Merchandise,1,white,503,$1.00 ,($0.10),5ZC7DWASZX6VTYMJ322SVJREW8,1.99,-99%,Female,56-64,NC
8/15/18,16:14:25,Custom Merchandise,1,white,503,$1.00 ,($0.15),NGJXR25N2X7TPZD7HP692HEB30,1.99,-99%,Female,18-25,NC
8/3/18,20:08:17,Custom Merchandise,1,Regular,1251,$1.00 ,($0.10),3PE6RS0W2S5F4GCNZZXPAJSFBG,1.99,-99%,Female,26-35,NC
7/27/18,13:44:38,Custom Merchandise,1,white,503,$1.00 ,$0.00 ,6X1CSY12NH6RX48HVM990HDZZMWK4CHJ6RV38CG,1.99,-99%,Female,56-64,NC
7/25/18,17:33:03,Custom Merchandise,1,Regular,1251,$1.00 ,($0.15),P7HWTFCD9X0K2ZSG2NSVMEM7HR,1.99,-99%,Female,64+,NC
7/25/18,12:29:11,Custom Merchandise,1,white,503,$1.00 ,$0.00 ,NV8TPCR89S4V0J7YJ3G3F8C2CG,1.99,-99%,Female,26-35,NC
7/6/18,20:06:19,Custom Merchandise,1,Regular,1251,$1.00 ,($0.10),MFMF7RH9V56WYXNCSCZC86KV4C,1.99,-99%,Male,18-25,NC
7/4/18,16:07:02,Custom Merchandise,1,Regular,1251,$1.00 ,$0.00 ,37KQZGCK9D0GGN4T0QCEWVSKD4,1.99,-99%,Female,18-25,SC
7/4/18,13:27:07,Custom Merchandise,1,Regular,1251,$1.00 ,($0.15),CHKDXNZFWN1NRR1K3BEBECZZ2W,1.99,-99%,Male,18-25,VA
6/27/18,12:42:32,Custom Merchandise,1,Regular,1251,$1.00 ,$0.00 ,4D0EH82AXS74YJ23A383MZ1ERG,1.99,-99%,Female,18-25,GA
6/23/18,12:15:31,Custom Merchandise,1,Regular,1251,$1.00 ,($0.10),HQW9B8BV4S71RS09AN4K48WM3W,1.99,-99%,Female,26-35,NC
6/22/18,13:07:17,Custom Merchandise,1,Regular,1251,$1.00 ,$0.00 ,PTW1VXSV1X7KJTES76P6ETY4TR,1.99,-99%,Female,26-35,SC
6/20/18,17:22:44,Custom Merchandise,1,Regular,1251,$1.00 ,$0.00 ,ATE83X45QD08GN1P8ZE6326VE0,1.99,-99%,Female,26-35,GA
6/19/18,17:36:27,Custom Merchandise,1,Regular,1251,$1.00 ,$0.00 ,B21D4G6PFX40AJGFJHX7DFHCQW,1.99,-99%,Female,46-55,FL
6/15/18,15:19:25,Custom Merchandise,1,Regular,1251,$1.00 ,$0.00 ,2HJKD87WX95HYTF9ND48ACKD5G,1.99,-99%,Male,26-35,NC
6/15/18,12:41:22,Custom Merchandise,1,Regular,1251,$1.00 ,$0.00 ,JWB3D5C7TH67JZ5GHWNMG8GJGR,1.99,-99%,Female,64+,NC
6/2/18,13:16:04,Custom Merchandise,1,Regular,1251,$1.00 ,$0.00 ,KSMSFKFQ8N5M4QV22EEWH8MS8M,1.99,-99%,Male,18-25,NC
4/7/18,15:00:33,Antiques,1,Regular,821,$1.00 ,$0.00 ,0RRP90SQKH3E6TNP2JSJCNMYTW,1.99,-99%,Male,26-35,NC
12/30/17,18:08:58,Vintage Accessories,1,,759,$1.00 ,$0.00 ,0GX0C0ZWDN60EWQFAG7DMWZZC8,1.99,-99%,Male,26-35,SC
12/14/17,14:36:03,Antiques,2,,374,$1.00 ,$0.00 ,W5RFKMHKB93N6HS9DMAEH8YRFM,1.99,-99%,Male,46-55,SC
11/11/17,14:16:09,Antiques,2,,374,$1.00 ,$0.00 ,RCDFH3P0QN36EW9HPGQVCMPVJ4,1.99,-99%,Female,26-35,VA
10/27/17,16:26:01,Antiques,2,,374,$1.00 ,$0.00 ,YS134RKEYS14YGRNEBBBS5R3WR,1.99,-99%,Female,36-45,VA
10/12/17,18:57:27,Antiques,2,,374,$1.00 ,$0.00 ,ZMWQWWGCJH2NEPC9K93TW4Z3SM,1.99,-99%,Female,36-45,GA
5/26/18,15:03:31,Antiques,1,Regular,1245,$0.50 ,$0.00 ,Q86YHSMW55512RCY3E21ZHJXKC,1.99,-298%,Male,18-25,NC
3/10/18,17:12:04,Antiques,1,,374,$0.50 ,$0.00 ,PNNG92S9491GEGZFRBHKA4QJFM,1.99,-298%,Female,26-35,NC
12/15/17,12:45:05,Antiques,1,,374,$0.50 ,$0.00 ,BRVRBR6PAN28AXJ9ZTESMJQF04,1.99,-298%,Female,18-25,NC
11/4/17,12:52:26,Antiques,1,,374,$0.50 ,$0.00 ,5BZ642RNN92C6K04W7N1VG7V4M,1.99,-298%,Male,18-25,SC
11/3/17,12:55:11,Antiques,1,,374,$0.50 ,($0.05),CTKW2EK77X34ARAE1DGB3Z27PR,1.99,-298%,Female,18-25,VA
4/4/18,15:10:03,Handmade - Stationery,-1,,379,($4.50),$0.00 ,367G6N20F956AX93KTFE82ZRDC,1.99,144%,Female,26-35,VA
4/4/18,15:10:03,Handmade - Stationery,-1,,377,($4.50),$0.00 ,B1RJK31WKD7KARZSAZ7QVZ3WTM,1.99,144%,Male,56-64,FL
12/2/17,12:34:19,Handmade - Artwork,-1,,428,($5.00),$0.00 ,PMDAYBAJKS16GNJN6XH87DCY80,1.99,140%,Male,56-64,NC
11/4/17,18:49:57,Handmade - Candles,-1,Regular,483,($11.00),$0.00 ,HZ21JAF47D20EJNNZB65ZWAJZG,1.99,118%,Male,64+,NC
11/4/17,18:49:57,Handmade - Apothecary,-1,,523,($14.00),$0.00 ,XM4FCJ3P1954JWD6VH30YPZA30,1.99,114%,Female,26-35,NC
1/13/18,14:51:15,Vintage Accessories,-1,,184,($16.00),$2.40 ,RQRGPVVEJ16SYXTSTVCQ0HTCN4,1.99,112%,Female,18-25,SC
4/12/18,13:02:58,Handmade - Textiles,-1,Regular,1040,($22.00),$0.00 ,4NB4S4WM4H7XGWTA1EH2MRFCVC,1.99,109%,Male,36-45,VA
2/10/18,16:06:55,Vintage Clothing,-1,,715,($27.00),$0.00 ,DXWFZKT9ZD44YP8MQFST10MV1M,1.99,107%,Male,46-55,VA
4/12/18,13:02:58,Handmade - Textiles,-1,Regular,1038,($28.00),$0.00 ,14B0M27AS96FTGBWEEJWQAC2DG,1.99,107%,Female,18-25,GA
12/2/17,12:34:19,Handmade - Textiles,-1,,492,($30.00),$0.00 ,T11N96YSPS1TMQX1YNZYTMEE5W,1.99,107%,Female,18-25,GA